2474 3946
282 279 403 336 ΠΕΡΙ
418 276 857 342 ΠΑΡΑΠΡΕΣΒΕΙΑΣ.
1006 274 1047 340 89

86 439 200 506 έκειτα
216 434 253 506 τὰ
277 433 397 506 λοιπὸν
415 438 513 523 μέρος
529 443 589 504 τοῦ
606 435 873 523 κατηγορήματος
895 445 957 506 τοῦ
972 439 1047 522 περὶ

88 540 348 624 Κερσοβλέπτην
358 532 406 604 ἐπ’
420 533 606 625 αὐτοφώρῳ
619 540 758 622 δείξαιμι
767 539 891 618 ψεῦδος
902 534 960 617 ὅνς

35 641 72 696 89
139 717 145 730 .
174 634 366 704 Κάλλιστου
374 633 450 722 γὰρ,
462 633 568 721 οἶμαι,
585 643 721 720 πρᾶγμα
730 637 786 704 καί
796 634 1046 722 χρησιμώτατον

86 745 156 812 τοίς
168 732 439 821 διαβαλλομένοις
456 728 530 814 παρ’
544 728 625 816 ὑμίν
642 737 804 816 γίγνεται·
824 733 880 802 καί
891 733 955 818 γὰρ
966 734 1046 814 τούς

87 829 231 918 χρόνους
247 831 303 900 καί
319 826 359 899 τοὶ
370 835 565 917 ψηφίσματα
576 830 632 898 καί
646 828 726 908 τοὺς
736 832 997 916 ἐπιψηφίσαντας
1009 835 1046 899 έν

87 941 157 1008 τοίς
179 931 348 1016 δημοσίοις
366 927 536 1014 γράμμασι
552 924 612 996 τὸν
632 925 764 996 ἅπαντα
780 927 902 1014 χρόνον
917 929 1047 1016 φυλώτ-
1062 947 1113 1004 εὸλ

87 1051 168 1094 τετε.
200 1037 311 1114 είρηκε
321 1025 357 1096 δέ
368 1021 482 1096 οὑτοσί
492 1021 575 1110 πρὸς
585 1023 671 1111 ὑμᾶς
682 1024 772 1113 παρὰ
782 1034 880 1096 τοῦτο
896 1030 1046 1114 διαφδα-

88 1122 239 1211 ρῆνακτιὶ
251 1123 509 1211 Κερσοβλέπτου
519 1121 711 1210 πράγματα,
729 1121 781 1192 ὅτι
796 1133 854 1211 τῆς
871 1133 1046 1215 πρεσβείας

89 1217 140 1290 ώυ
150 1218 285 1310 ἡγεμών
294 1218 359 1308 ἐγώ
373 1223 427 1291 καί
445 1221 719 1310 κατευημερηκὼς
735 1221 809 1309 παρ’
821 1219 918 1309 ὑμίν,
939 1223 1045 1295 αὐτοῦ

87 1321 283 1401 κελεύοντος
301 1325 347 1400 είς
357 1320 495 1412 Θρᾴκην
510 1319 596 1408 ἡμᾶς
614 1325 700 1390 ίέναι
709 1324 966 1409 Κερσοβλέπτου
983 1348 1046 1391 πο-

88 1425 336 1507 λιορκουμίνου
344 1423 404 1490 ’καί
416 1422 710 1508 διαμαρτύρασθαι
720 1427 874 1512 Φιλίππῳ
885 1430 989 1491 ταῦτα
999 1422 1044 1510 μη
1155 1495 1162 1510 ,

88 1533 213 1606 ποιεῖν,
233 1517 472 1607 οὐκήδέλησα,
493 1517 562 1588 ἀλλ’
574 1522 750 1610 ἐκαθήμην
760 1523 796 1589 έν
811 1519 1002 1612 Ὠρεώ,,καί
1014 1525 1049 1590 οἱ

32 1631 68 1684 90
86 1621 511 1706 σνμπρέσβεις,προξενίας
521 1621 848 1709 κατασκευαζόμενοι.
882 1619 1046 1691 ἀκούσατε

88 1713 129 1802 δὴ
140 1723 200 1802 τῆς
211 1715 363 1802 Χάρητος
379 1719 568 1802 ἐπιστολῆς,
590 1712 634 1802 ἣν
651 1720 814 1788 έπέστειλε
832 1719 905 1788 τότε
921 1728 967 1809 τῷ
986 1718 1046 1808 δή·

86 1839 151 1903 μμ,
165 1811 216 1881 ὅτι
227 1817 480 1901 Κερσοβλέπτης
490 1811 679 1883 ἀπολώλεκε
688 1814 751 1900 τὴν
763 1815 869 1904 ἀρχὴν
878 1818 1045 1904 καίἹερόν
1062 1835 1114 1890 268

88 1912 168 1996 ὄρος
186 1918 363 2000 κατείληφε
381 1917 543 1992 Φίλιππος
558 1915 826 1999 ἐλαφηβολιῶνος
848 1915 952 2003 μηνὸς
969 1918 1046 2006 ἕκτη

87 2017 287 2095 φθίνοντος·
332 2013 555 2098 Δημοσθένης
582 2007 615 2078 δ’
633 2014 670 2080 έν
685 2019 734 2102 τρῖ
750 2012 843 2102 δήμφ
860 2013 1045 2102 προήδρευε

88 2107 212 2176 τούτου
222 2115 284 2176 τοῦ
294 2105 416 2196 μηνὸς,
429 2104 475 2187 εἷς
486 2104 536 2178 ών
546 2117 615 2178 τών
624 2113 813 2200 πρέσβειον,
825 2113 949 2204 ἑβδόμη
960 2122 1044 2202 φθί-

87 2232 213 2286 νοντος.

432 2327 681 2392 ΕΠΙΣΤΟΑΗ.

38 2449 69 2502 91
176 2431 228 2502 Οὐ
241 2431 348 2521 μόνον
364 2441 482 2503 τοίνυν
498 2441 709 2523 διετρίψαμεν
726 2436 784 2516 τοὶς
794 2437 910 2516 λοιπὰς
922 2435 1044 2524 ἡμέρας

84 2539 149 2601 τοῦ
159 2530 281 2620 μηνὸς,
293 2529 376 2602 ἄλλα
388 2542 618 2619 μουνυχιῶνος
628 2536 870 2622 ἐξωρμήσαμεν.
900 2539 956 2605 καὶ
966 2536 1046 2605 τού-

84 2656 148 2699 του
169 2630 232 2718 την
252 2630 380 2718 βουλὴν
401 2630 553 2718 μάρτυρα
571 2630 651 2718 ὑμῖν
662 2639 857 2719 παρέξομαι·
890 2634 1044 2721 ἔστιγὰρ

85 2729 190 2818 αὐτῆς
206 2732 376 2818 ψήφισμα,
400 2727 420 2799 ὃ
436 2731 566 2799 κελεύει
583 2730 715 2799 ἀπιέναι
731 2730 811 2812 τούς
826 2735 980 2821 πρέσβεις
991 2736 1044 2802 έπί

84 2828 165 2910 τούς
177 2829 300 2916 ὅρκους
330 2835 390 2898 καί
396 2855 454 2917 μοι
465 2832 540 2916 λέγε
550 2828 587 2898 τὰ
599 2837 657 2916 τῆς
666 2837 791 2918 βουλῆς
800 2831 961 2920 ψήφισμα.

443 2951 675 3013 ΨΗΦΙΣΜΑ.

170 3059 442 3147 Προσανοίμνώδι
454 3058 494 3148 δὴ
506 3062 561 3128 καὶ
571 3060 631 3128 τὸν
641 3061 782 3148 χρόνον,
794 3059 883 3139 ὅστις
893 3053 944 3148 ἦν.

468 3180 661 3243 ΧΡΟΝΟΣ.

40 3304 71 3357 92
169 3283 337 3372 Ἀκούετε,
357 3283 408 3354 ὅτι
420 3295 650 3374 μουνυχιῶνος
660 3290 831 3374 ἐψηφίσθη
848 3293 940 3373 τρίτη
951 3291 1045 3356 ἱστα-

84 3385 198 3473 μένου.
227 3384 298 3454 δ’δὲ
316 3388 570 3473 Κερσοβλέπτης
585 3389 703 3464 πόσαις
725 3385 891 3471 πρότερον
906 3380 1043 3471 ἡμέραις
1060 3397 1113 3456 269

83 3480 236 3553 ἀπώλεσε
246 3484 307 3571 την
320 3480 426 3570 ἀρχὴν
442 3486 523 3569 πρὶν
533 3483 754 3569 έμὲώπιέναις
784 3480 828 3562 ώς
840 3501 921 3570 φησι
932 3483 1045 3572 Χάρης
