2444 3946
74 222 96 272 ο·
112 205 149 257 ³⁷·
227 208 317 259 Πεει
335 207 411 260 εον
428 205 665 259 ιεκειευνυον
683 208 847 260 κεκεου.
978 219 1016 278 11

429 377 638 428 ΜΑΡΤΤΡΕΣ.

125 477 191 550 Ἔτι
208 487 325 551 τοίνυν
343 475 387 562 ὥς
405 486 440 551 οἰ
454 480 582 552 τούτων
598 490 690 570 φίλοι
708 485 763 552 καί
780 489 1018 574 Κηφίσανδρος

72 574 171 665 ήξίουν
197 590 378 671 νείμασθαι
405 580 468 671 τήν
494 579 615 653 οιίσίαν
644 586 699 652 καί
721 580 758 652 τό
786 591 897 674 τρίτον
919 587 1016 674 μέρος

72 675 141 769 ἡμᾶς
158 689 245 772 ἔχειν
262 678 497 754 ἁπάντωντῶν
508 683 731 773 Κλεωνύμου,
750 683 945 755 καὶτούτων
961 714 1015 774 μοι

70 780 147 852 κόλει
169 788 173 873 Ι
196 782 373 875 μάρτυρας.

428 950 636 1001 ΜΛΡΤΤΡΕΣ,

129 1083 284 1179 Ἡγοιίμαι
308 1091 370 1180 μὲν
393 1099 524 1177 τοίνυν,
550 1082 577 1160 οἶ
599 1089 737 1182 ἄνδρες,
761 1095 840 1161 πᾶσι
863 1109 931 1172 τοῖς
947 1096 1016 1164 των
1034 1112 1065 1163 17

68 1186 186 1279 κλήρων
195 1187 478 1283 ἀμφισβητοῦσιν,
495 1191 576 1263 ὅταν
586 1187 783 1282 ἀποφήνωσι
795 1196 881 1280 σφοῖς
893 1189 1014 1275 αὐτούς

67 1285 164 1382 ὥσπερ
192 1287 286 1382 ἡμεῖς
310 1295 365 1362 καί
388 1297 435 1387 τῷ
455 1298 544 1382 γένει
568 1297 747 1384 προτέρους
775 1290 873 1373 ὄντας
894 1295 950 1363 καί
973 1299 1015 1384 τῇ

68 1399 150 1484 φιλίη
176 1397 219 1483 τή
246 1391 326 1484 πρός
349 1391 408 1464 τόν
430 1393 697 1483 τετελευτηκότα,
727 1403 903 1484 περίεργον
928 1395 1013 1464 εἰναι

66 1489 133 1572 τοίς
148 1491 266 1576 ἄλλους
290 1495 409 1584 λόγους
427 1499 552 1584 λέγειν·
579 1494 692 1584 ἐπειδή
717 1497 754 1565 δὲ
771 1494 899 1566 τούτων
917 1492 1012 1566 οὐδέ-

67 1619 149 1681 τερον
177 1603 303 1684 ἔχοντες
331 1587 422 1666 οὗτοι
449 1602 591 1688 τολμῶσι
620 1601 687 1667 των
714 1593 755 1667 οὐ
779 1596 1014 1688 προσηκόντων

67 1687 272 1784 ἀμφισβητεῖν
299 1701 355 1767 καὶ
385 1705 521 1781 ψευδεῖς
551 1697 851 1788 παρασκευάζονται
882 1698 1011 1788 λόγους,

65 1793 210 1886 βούλομαι
242 1802 365 1888 βραχέα
399 1801 454 1869 καὶ
489 1801 566 1890 περὶ
595 1797 723 1869 τούτων
751 1795 865 1869 αὐτῶν
895 1807 1010 1870 εἰπεῖν.

66 1900 272 1987 ἰσχυρίζονται
289 1898 352 1989 γίιρ
369 1917 441 1981 ταῖς
461 1898 652 1989 διαθήκαις,
671 1903 822 1988 λέγοντες
840 1895 884 1980 εἰς
902 1899 1012 1970 Κλεοί-
1033 1924 1064 1974 18

64 2024 154 2085 νυμος
170 2005 391 2091 μετεπέμπετο
413 2001 474 2090 τήν
497 1997 602 2092 ἀρχήν
625 1997 666 2070 οὐ
690 2004 787 2070 λῦσαι
812 1998 1012 2090 βουλόμενος

66 2093 152 2180 αιίτίις
174 2097 248 2169 ἄλλ’
277 2107 507 2193 ἐπανορθῶσαι
530 2105 585 2172 καί
601 2121 603 2126 ’
610 2103 792 2190 βεβαιῶσαι
814 2110 930 2190 σφίσιν
952 2098 1011 2172 αὖ·

63 2216 120 2280 τοῖς
136 2199 195 2290 τήν
215 2201 352 2292 δωρεάν.
388 2199 539 2295 δμεῖςδὲ
561 2215 742 2279 σκοπεῖσθε
765 2200 823 2284 τάς
847 2203 1012 2292 διαθήκας

63 2297 109 2380 εἰς
125 2299 193 2390 μετ’
212 2299 313 2393 όργής
336 2309 517 2394 γενομένας
541 2304 664 2395 πότερα
688 2302 774 2386 εἰκός
800 2309 867 2376 έστι
892 2313 1010 2393 βουλη-

62 2403 151 2488 θήναι
163 2403 367 2495 Κλεώνυμον
384 2403 533 2495 ἀνελεῖν,
554 2403 668 2494 ἐπειδή
685 2403 767 2496 πρός
779 2401 864 2494 ήμᾶς
881 2413 1011 2488 οἰκείως

65 2505 161 2594 ἔσχεν,
179 2501 201 2593 ἦ
219 2523 355 2576 σκοπεῖν
372 2504 460 2587 ὅπως
479 2515 525 2576 έτι
544 2505 756 2596 βεβαιότερον
773 2501 857 2594 ἡμᾶς
875 2503 1010 2576 ἀποστε-

64 2603 141 2690 ρήσει
158 2609 226 2676 τιόν
243 2603 357 2677 αὑτοῦ.
398 2624 466 2688 τοῖς
489 2609 551 2696 μέν
573 2605 636 2696 γίιρ
654 2604 764 2687 ἄλλοις
782 2603 945 2676 κάκείνων
963 2597 1012 2678 τόν
1031 2632 1063 2683 19

64 2695 96 2771 ἰν
120 2703 331 2798 ὀργισθέντες
359 2705 437 2788 τούς
466 2715 608 2788 οἰκείους
637 2703 841 2794 ἀδικήσωσιν
869 2703 1011 2797 ὕστερον
1065 2751 1068 2761 -

63 2813 232 2897 μεταμέλει·
251 2799 342 2879 οὗτοι
361 2810 398 2879 δὲ
412 2813 539 2880 ἐκεῖνον
551 2805 812 2897 ἀποφαίνουσιν,
833 2812 869 2878 ἐν
887 2798 1010 2901 ηἰπρδς

63 2897 130 2993 ήμᾶς
147 2908 332 2981 οἰκειότατα
357 2913 512 2999 διέκειτο,
536 2915 660 3000 μᾶλλον
678 2915 837 2998 βεβαιοῦν
853 2907 915 2998 τήν
939 2917 1009 2980 δια-

62 3007 157 3099 θήκην
174 3010 394 3100 βουλόμενον,
418 3007 461 3100 ήν
477 3009 893 3102 όργιζόμενοςνέποιήσατο.
929 3009 1008 3081 ὥστ’

64 3114 86 3174 εἰ
98 3113 149 3180 καί
166 3109 260 3202 ήμεῖς
277 3107 522 3202 ὁμολογήσομεν
538 3117 642 3182 ταῦτα
659 3116 715 3182 καί
732 3108 828 3202 ὑμεῖς
846 3109 940 3183 αὐτοὶ
958 3140 1009 3182 πι-

63 3211 218 3302 στεύσετε,
246 3216 448 3303 ἐνθυμεῖσθε
471 3211 521 3284 ὅτι
544 3212 730 3304 παράνοιαν
754 3210 859 3283 αὐτοῦ
875 3212 937 3301 τήν
953 3241 1008 3303 με·

63 3318 163 3402 κίστην
180 3305 272 3384 οὗτοι
290 3319 518 3404 κατηγοροῦσι.
547 3323 597 3394 τίς
613 3312 677 3404 γίιρ
689 3310 870 3402 όνγένοιτο
887 3313 1009 3402 ταύτης
1026 3333 1060 3384 20

63 3423 147 3492 μανία
168 3424 305 3506 μείζων,
334 3410 356 3503 ἢ
377 3413 450 3485 τότε
472 3417 533 3506 μὲν
556 3413 611 3486 ὅτε
634 3422 754 3506 Δεινίᾳ
779 3414 936 3505 διάφορος
961 3410 1009 3484 εἰν

64 3515 177 3605 ἔτυχεν,
207 3512 291 3605 ἡμᾶς
309 3519 419 3596 κακῶς·
439 3533 548 3586 ποιεῖν
569 3539 606 3584 τε
629 3518 685 3585 καί
710 3521 921 3585 διατίθεσθαι
944 3543 1008 3585 τοι·
