2474 3946
348 265 481 324 ΚΑΤΑ
509 262 781 323 ΤΙΜΑΡΧΟΥ.
1000 265 1041 327 45

87 455 161 516 μοι,
179 430 232 506 -είς
246 428 373 510 γέλωτα
390 422 446 492 καί
463 419 568 508 λῆρόν
578 447 653 490 τινα
664 422 933 512 προτρεπόμενος
943 421 1041 511 ὑμᾶς,

88 529 314 606 ἐπιδείξεσθαί
327 548 393 610 μου
411 520 514 608 φησιν
524 517 590 588 ὅσα
600 525 766 606 πεποίηκα
778 519 919 606 ἐρωτικά
934 532 982 602 είς
992 547 1042 590 τι·
1058 532 1109 588 146

88 651 149 705 νας
160 621 338 709 ποιήματα,
349 624 406 689 καί
416 622 595 703 λοιδοριῶν
605 619 661 686 καί
671 625 811 704 πληγοῖν
820 645 923 688 τινοιν
932 624 967 689 bn
979 629 1041 689 τοῦ

88 721 297 808 πράγματος,
319 725 355 787 αἳ
368 719 444 803 περὶ
460 716 516 803 ἐμδ
532 720 741 803 γεγένηνται,
758 723 940 802 μαρτυρίαις
960 724 1041 809 φησί

28 840 73 897 136
91 820 303 908 παρέξεσθαι.
336 812 399 902 ἐγιὸ
420 813 456 882 δὲ
472 811 674 896 οῦτεέροιτα
692 816 826 882 δίκαιον
834 815 942 900 μέγα,
964 815 1042 885 οῦτε

89 914 170 994 τοῦς
180 914 294 983 κάλλει
305 909 526 998 διαφέροντάς
536 935 621 997 φημι
631 917 893 997 πεπορνεῦσθαι,
903 910 969 980 οὔτ’
979 913 1043 981 αῦ-

90 1012 147 1094 τὸς
158 1016 359 1098 ἐξαρνοῦμαι
368 1007 416 1097 μὴ
432 1006 475 1077 οῦ
491 1012 665 1095 γεγονέναι
680 1005 837 1096 ἐρωτικός
852 1013 908 1079 καί
924 1015 971 1080 ἐτι
988 1015 1043 1082 καί

90 1117 157 1179 νῦν
172 1103 271 1196 εἶναι,
295 1108 353 1187 τάς
369 1132 405 1175 τε
420 1109 457 1174 ἐκ
473 1113 536 1174 τοῦ
545 1105 736 1192 πράγματος
752 1110 948 1194 γλγνομένας
959 1107 1044 1198 πρὸς

91 1209 224 1292 ἐτέρους
241 1211 443 1293 φιλονεικίας
459 1205 515 1272 καὶ
532 1203 639 1290 μάχας
656 1201 718 1272 οῦκ
731 1201 898 1292 ἀρνοῦμαι
910 1207 954 1294 μὴ
969 1205 1044 1295 οῦχὶ

91 1306 337 1393 συμβεβηκέναι
351 1330 417 1390 μοι.
448 1304 524 1390 περὶ
537 1300 574 1370 δέ
588 1308 658 1370 τῶν
674 1303 868 1390 ποιημάτων
880 1297 929 1372 τόν
939 1326 1044 1392 φασιν

92 1397 188 1473 οὗτοί
202 1429 243 1490 με
261 1405 492 1489 πεποιηκέναι,
514 1399 556 1469 τὰ
568 1401 630 1492 μέν
647 1397 817 1488 ὁμολογιῦ,
841 1401 881 1470 τό
900 1403 1043 1488 δδέξαρ-

91 1510 214 1588 νοῦμαι
224 1500 268 1588 μὴ
279 1509 399 1569 τοῦτον
409 1505 495 1586 ἐχειν
503 1498 566 1571 ’τόν
576 1500 718 1587 τρόπον,
731 1494 771 1569 ὁν
781 1493 876 1571 οῦτοι
887 1507 1044 1590 διαφθεί-

30 1609 76 1666 137
93 1624 208 1686 ροντες
218 1603 422 1685 παρέξονται.
453 1595 603 1684 ὁρίζομαι
616 1596 648 1666 δ’
660 1597 745 1668 εἶναι
760 1596 798 1668 τό
811 1601 873 1687 μὲν
882 1604 965 1688 ἐρᾶν
974 1610 1044 1672 τόν

93 1703 206 1766 καλῶν
229 1697 286 1764 καλ
303 1692 492 1783 σωφρόνων
509 1695 756 1783 φιλανθρώπου
776 1698 888 1778 πόθος
908 1701 965 1770 καλ
985 1700 1044 1770 εῦ-

92 1794 268 1881 γνοόμονος
285 1801 407 1880 ψυχῆς,
437 1794 475 1862 τὸ
498 1793 535 1862 δὲ
558 1791 765 1878 ἀσελγαίνειν
786 1793 949 1883 ἀργυρίου
969 1798 1044 1868 τινὰ

94 1892 326 1979 μισθούμενον
343 1890 504 1983 ὑβριστοῦ
520 1895 575 1962 καὶ
587 1891 791 1961 ἀπαιδεύτου
811 1893 934 1984 ἀνδρός
944 1905 1045 1984 ἔργον
1062 1891 1111 1949 14⁷

95 1989 179 2060 εἶναι
194 1988 353 2078 ἡγοῦμαι·
379 1993 434 2060 καὶ
445 1989 482 2060 τὸ
495 1992 558 2078 μέν
568 1987 787 2077 ἀδιαφθόρως
802 1994 946 2077 ἐρᾶσθαί
961 2023 1046 2083 φημι

94 2089 199 2161 καλόν
216 2091 317 2178 εἶναι,
339 2089 378 2161 τό
398 2089 430 2160 δ’
449 2093 640 2178 ἐπαρθέντα
661 2099 775 2184 μισθῷ
794 2104 1046 2180 πεπορνεῦσθαι

95 2191 244 2279 αἰσχρόν.
278 2189 361 2260 ὅσον
377 2187 411 2258 δ’
424 2191 583 2279 ἐκάτερον
599 2191 728 2261 τοῦτον
746 2188 799 2260 ἀπ’
813 2191 967 2282 ἀλλήλων
978 2201 1046 2266 διέ-

95 2312 195 2379 στηκε
206 2294 262 2360 καί
273 2287 319 2371 ὥς
329 2289 416 2360 πολῦ
426 2293 592 2378 διαφέρει,
612 2295 650 2360 έν
664 2305 733 2372 τοις
748 2295 866 2380 ἐφεξῆς
876 2290 962 2382 ῦμιῖς
973 2320 1046 2364 πει-

34 2399 80 2454 138
100 2390 243 2476 ράσομαι
253 2389 364 2476 λόγοις
375 2389 554 2484 διδιίσιιειν.
587 2391 623 2458 οἱ
629 2388 693 2476 γὰρ
710 2394 848 2476 πατέρες
858 2390 969 2478 ἡμῶν,
991 2392 1045 2461 ὅθ’

95 2486 182 2573 ὑπὲρ
203 2479 557 2574 τῦνέπιτηδευμάταν
577 2487 633 2556 καλ
649 2496 717 2557 τῶν
733 2489 922 2575 ἐκφύσεως
942 2487 1047 2577 ἀναγ-

95 2594 203 2657 καίων
219 2594 333 2656 κακοῦν
345 2589 401 2655 καί
416 2583 559 2672 ἀγαθόν
575 2588 816 2671 ἐνομοθέτουν,
836 2581 858 2654 ἀ
874 2600 942 2667 τοῖς
952 2589 1050 2656 ἐλευ-

96 2691 211 2774 θέροις
230 2683 376 2774 ἡγοῦντο
400 2681 483 2752 εἶναι
506 2684 668 2768 πρακτέα,
700 2689 805 2749 ταῦτα
825 2695 894 2761 τοῖς
915 2684 1047 2762 δούλοις

97 2781 294 2871 ἀπεῖπονμὴ
306 2794 422 2850 ποιεῖν.
453 2773 889 2866 ,,δοῦλον“φησίνὸνόμος
904 2779 1048 2867 ,μαγγα-

97 2884 282 2970 μυρίζεσθαι
302 2882 385 2970 μηδέ
405 2883 618 2966 ξηραλοιφεῖν
643 2880 682 2946 ἐν
701 2891 772 2958 ταῖς
794 2887 1017 2964 παλαίστραις.
1025 2886 1048 2924 “

97 2984 152 3052 καί
174 2977 287 3050 οῦκέτι
307 2982 534 3066 προσέγραψε·
565 2973 699 3070 ,,τόνδ’
721 2976 1049 3067 ἐλεῦθερονάλείφε-

98 3091 180 3150 σθαι
197 3082 253 3149 καί
268 3080 504 3168 γυμνάζεσθαι.
513 3083 535 3122 “
566 3074 666 3147 ὁπότε
681 3075 746 3165 γὰρ
764 3081 799 3146 οἱ
813 3079 994 3163 νομοθέται
1009 3072 1045 3144 τό

98 3177 204 3248 καλὸν
220 3176 256 3247 τό
272 3180 309 3246 ἐκ
324 3184 394 3247 τεόν
409 3181 604 3264 γυμνασίαν
619 3176 810 3254 κατιδόντες
827 3171 970 3243 ἀπεῖπον
981 3186 1049 3253 τοῖς

100 3277 234 3356 δούλοις
243 3276 289 3364 μὴ
299 3277 461 3364 μετέχειν,
473 3274 580 3364 τοῦτφ
592 3272 685 3360 αὐτῷ
695 3269 853 3361 ἡγοῦντο,
866 3261 895 3360 ὁ
904 3273 1050 3349 ἐκείνους

98 3374 265 3462 ἐκώλυον,
282 3372 362 3456 τοῦς
373 3377 574 3459 ἐλεοθέρονς
591 3374 788 3459 προτρέπειν
804 3371 858 3439 ἐπὶ
868 3367 908 3437 τδι
918 3365 1053 3454 γυμνό-

38 3480 84 3536 139
102 3491 166 3542 σια.
195 3470 324 3543 πάλινὸ
337 3469 438 3552 αῦτὸς
461 3463 651 3568 οῦτοςεῖπε
671 3471 869 3557 νομοθέτης·
899 3472 1053 3554 ,δοῦλον
1097 3529 1109 3546 ,
