2444 3946
381 254 586 306 rainelmo
606 235 759 306 carmon.
1008 267 1046 316 χι

91 431 124 504 (v.
134 428 295 486 Boissonad.
310 426 342 482 ad
356 425 512 483 Philostrati
527 426 670 482 Ileroicum
684 445 710 502 p.
726 433 778 486 288
789 445 829 500 sq.
845 427 911 482 Lud.
926 426 1047 482 bindori.

90 515 122 571 ad
145 513 256 569 iliodor.
275 510 317 572 IV.
339 529 365 584 p.
386 517 437 570 285
459 529 500 584 sq.
521 527 593 567 meae
612 509 685 567 lectt.
700 510 761 584 bys.
779 529 805 586 p,
828 517 862 570 70
878 511 933 566 sive
948 508 1047 582 364)“).

89 599 172 653 κυεῖν
190 613 242 669 pro
258 583 341 650 κύειν
359 611 398 650 or.
413 601 437 654 8.
455 595 473 666 S
488 602 522 654 36
536 593 569 668 (v.
588 595 620 650 ad
633 595 695 668 Lys.
711 611 750 650 or.
768 602 808 654 13.
825 594 843 665 S
858 593 915 670 42),
933 588 1048 666 δέδιμεν

88 699 140 754 pro
163 675 301 753 δεδίαμεν
322 695 361 735 or.
382 688 407 736 s.
430 679 448 750 S
468 685 502 736 22
522 695 582 734 cnm
596 677 698 734 Cobeto
718 695 778 733 nov.
797 677 871 735 lectt.
891 695 919 752 p.
934 684 992 739 469.
1008 673 1049 745 εἰς

88 782 139 838 pro
164 757 195 830 ἒς
217 780 257 818 or.
280 772 303 822 l.
320 763 338 834 S
354 768 394 820 14.
417 771 444 818 et
457 757 500 828 εἴς
521 779 550 817 τε
568 780 619 836 pro
641 756 670 830 ἔς
688 779 718 816 τε
735 778 775 817 or.
793 767 818 822 7.
836 762 854 833 S
870 768 904 821 34
918 755 991 834 (ἴστε
1007 758 1048 834 Α),
1152 779 1155 786 ·

89 857 117 904 et
135 843 177 914 εἰς
200 832 293 901 αὑτὸν
313 862 365 920 pro
386 839 414 912 ἐς
434 833 527 901 αὑτὸν
549 863 588 902 or.
605 850 634 905 7.
649 847 667 918 8
685 853 732 908 39,
749 862 805 902 non
822 845 895 920 quod
909 845 962 902 boc
978 846 1049 900 Atti-

86 950 151 989 cnm
174 948 231 986 non
253 931 304 994 sit,
326 930 373 987 sed
389 930 461 1004 qnod
485 947 541 987 non
566 931 655 988 minus
675 949 691 987 a
709 930 895 988 Demosthenis
918 928 1049 1002 (bindors.

87 1016 176 1089 praef.
197 1014 230 1070 ad
244 1014 315 1070 [lem.
330 1031 357 1088 p.
373 1013 469 1087 XXIII.)
486 1031 566 1088 qnam
579 1013 611 1071 ab
627 1015 694 1072 isaei
708 1031 761 1070 usn
776 1013 919 1076 abhorret,
933 1013 1051 1069 fortasse

87 1101 172 1155 etiam
199 1098 370 1154 scribendum
394 1095 566 1166 Εἰλειθυίας
596 1116 657 1154 cum
679 1098 785 1156 Baitero
811 1114 864 1171 pro
886 1093 1051 1168 Εἰληθυίας

87 1201 134 1238 or.
153 1191 179 1239 5.
193 1183 210 1253 S
225 1191 259 1241 35
274 1190 302 1238 et
316 1172 542 1257 περιεοράκασιν
562 1200 613 1258 pro
635 1175 867 1258 περιεαράιιασιν
890 1198 930 1237 or.
946 1181 1001 1252 7,§
1018 1187 1052 1241 32

86 1276 117 1322 et
128 1255 297 1341 ἑορακότων
308 1267 336 1322 in
350 1267 446 1341 fragm.
458 1275 500 1328 33.
513 1268 554 1323 ed.
566 1277 677 1324 nostrae
685 1283 738 1341 pro
753 1254 934 1339 ἑωρακότων.
957 1265 1051 1321 Utrum

85 1343 236 1426 φράτερες
257 1367 308 1424 pro
331 1345 489 1427 φράτορες,
511 1351 585 1427 quod
609 1352 637 1407 in
663 1351 740 1408 codd.
764 1357 920 1407 constanter
940 1349 1050 1421 legitur,

86 1435 284 1508 corrIgendum
298 1434 347 1498 sit,
364 1435 391 1491 in
410 1437 498 1494 medio
514 1435 673 1510 celioquam
703 1435 830 1492 Fidentes
847 1442 937 1491 autem
951 1431 1052 1506 ubique

84 1519 248 1594 ’γίγνεσθαι
270 1519 380 1592 scripsi.
403 1521 523 1593 quamvls
545 1520 572 1576 ld
590 1521 694 1576 octiens
710 1526 814 1575 tantum
829 1519 857 1574 in
873 1518 960 1579 codd..
974 1515 1051 1591 yios-

84 1603 166 1658 σθαι
181 1603 369 1660 duodeviciens
384 1606 551 1678 reperiatur,
572 1613 601 1660 et
616 1593 804 1679 γιννιόσιιειν.
818 1603 939 1676 quamvis
955 1602 982 1657 id
996 1618 1052 1657 non

85 1688 202 1761 saepius
229 1704 309 1760 mam
337 1695 379 1742 ter
403 1695 571 1763 compareat,
599 1678 756 1762 pandonem
788 1687 962 1744 duodeciens.
998 1685 1051 1740 Csr.

84 1771 211 1828 Dindorf.
229 1772 257 1825 in
273 1769 366 1844 Steph.
388 1773 457 1829 thes.
477 1781 504 1828 et
516 1771 634 1828 Voemel.
648 1773 754 1847 proleg.
770 1771 803 1828 ad
817 1771 887 1827 bem.
910 1770 1052 1827 contiones

83 1874 113 1930 p.
130 1861 187 1914 133
199 1872 258 1929 sqq.
274 1855 304 1910 In
319 1855 414 1929 Lysiae
429 1857 537 1932 quidem
559 1856 731 1914 oratIonibns
747 1872 798 1929 ego
816 1871 959 1929 perperam
975 1853 1050 1909 codi-

85 1942 126 1997 cis
143 1937 261 1995 Palatini
276 1939 473 1997 inconstantiae
487 1941 564 1999 cessi.

178 2023 231 2078 lam
252 2022 375 2096 singulos
396 2026 521 2100 deinceps
540 2025 617 2082 locos
632 2025 810 2087 enumerabo,
836 2025 864 2079 in
881 2022 979 2096 quibus
994 2038 1053 2078 mea

85 2109 179 2166 editio
193 2107 330 2180 discrepat
350 2126 365 2163 a
379 2110 551 2166 Beklrcriana.
584 2109 705 2184 SinguIIs
720 2116 809 2165 antem
827 2107 998 2164 orationibus
1013 2107 1053 2162 fa·

85 2192 230 2249 miliarum
243 2192 276 2247 de
293 2192 392 2264 quibus
407 2196 497 2267 agitur
513 2202 653 2252 stemmata
668 2194 804 2267 descripta
818 2192 976 2267 praeposui.

179 2269 281 2331 Vitae
300 2271 407 2334 lsaei.
435 2270 463 2332 οἱ.
484 2266 555 2349 μετὰ
573 2266 623 2333 τὸν
647 2278 758 2334 Heloro.
788 2278 909 2333 editores
925 2277 1053 2331 TurIcen·

87 2378 134 2417 ses
161 2377 176 2414 e
198 2358 317 2432 Dionysii
338 2360 396 2416 Ilal.
419 2364 451 2420 de
474 2362 549 2418 Isaeo
574 2363 628 2419 iud.
656 2361 756 2458 1(νο1.
779 2361 810 2417 V.
832 2379 859 2434 p.
883 2366 942 2419 568.
965 2359 1006 2431 R.)
1027 2369 1055 2415 et

85 2442 293 2501 Pseudo-Plut.
316 2445 362 2500 vit.
386 2447 409 2502 x
431 2454 502 2504 orat.
520 2477 558 2488 -
574 2435 648 2502 κατὰ
675 2464 728 2502 τον
753 2443 864 2500 Heloro.
893 2443 957 2499 libri
979 2440 1055 2515 (belr-

86 2527 173 2599 ken).
194 2519 208 2604 ss
228 2514 283 2598 τὴν
312 2527 477 2608 πολιτείαν]
505 2518 560 2603 τὴν
589 2528 719 2606 βιοτείαν
746 2527 872 2604 Spengel.
896 2528 924 2584 in
943 2526 1053 2600 Ephem.

86 2612 287 2672 blonao.1835.
304 2629 355 2670 nro
369 2621 431 2674 245.
448 2623 525 2671 recte
535 2617 641 2689 opinor.
669 2615 727 2688 Ego
749 2614 916 2669 conieceram
932 2599 986 2682 τὴν
1000 2626 1053 2663 πο-

86 2691 211 2771 νηρίαν.
237 2694 421 2755 Philostratus
442 2699 489 2753 vit.
513 2700 591 2773 soph.
606 2700 672 2755 lsae.
689 2700 714 2761 l,
730 2717 757 2772 p.
776 2703 826 2757 217
842 2695 883 2750 ed.
899 2693 978 2768 Kays.
993 2694 1053 2750 mai.

86 2779 178 2836 habet
198 2767 275 2836 οὕτω
303 2798 332 2834 τι
359 2777 523 2858 μετέβαλεν.
544 2773 697 2860 Η.’Ἁρδαος
717 2782 777 2838 Ald.
799 2789 826 2837 et
848 2777 977 2836 Philostr.
995 2778 1013 2832 l.
1028 2780 1053 2835 d.

87 2862 196 2937 (Turr.)
212 2863 286 2956 bibri
306 2865 348 2921 vel
363 2859 479 2935 Λιδύος
501 2855 911 2944 (Βα.)ιι1ΛυδύοςΙΙ[ταύτα
930 2857 962 2918 δέ
982 2874 1054 2934 φησι

86 2978 135 2989 -
157 2937 248 3004 αὐτον
270 2948 368 3031 καλεῖ]
391 2954 461 3009 Ilaec
480 2969 540 3008 cnm
561 2952 673 3009 lectoris
694 2951 807 3008 alleuius
832 2948 911 3005 verba
936 2965 996 3003 esse
1016 2949 1055 3002 vi·

86 3033 224 3094 deantur,
252 3033 299 3106 qui
318 3052 439 3092 errorem
460 3038 579 3094 auctoris
603 3037 683 3092 hulus
711 3038 779 3092 vitae
802 3034 868 3090 satis
887 3031 1004 3104 imperiti
1022 3031 1054 3086 ad

87 3229 157 3264 ¹¹⁰⁰ss
176 3214 261 3274 ledilssr
280 3214 372 3269 εἰπεῖν
390 3215 440 3268 καὶ
458 3217 566 3282 πρᾶξαι
583 3236 625 3284 pro
644 3213 738 3268 εδιτεῖν
755 3217 806 3267 καὶ
825 3211 990 3277 διαπρᾶξαι.
1011 3214 1055 3262 Ce-

86 3290 170 3330 lerum
193 3281 275 3330 eadem
299 3289 406 3337 conlusio
429 3294 464 3336 est
486 3290 547 3351 apud
564 3289 641 3351 ipsum
658 3289 748 3336 Isaeum
767 3301 793 3335 or
811 3292 830 3332 d.
849 3280 868 3346 8
885 3291 922 3330 28:
941 3281 975 3330 ibi
993 3282 1055 3329 enim

85 3349 150 3399 libri
173 3353 269 3410 praeter
291 3357 309 3403 Α
336 3349 515 3418 διέπραττενε
539 3358 563 3405 in
587 3355 632 3404 boc
651 3355 701 3404 solo
720 3353 817 3416 simplex
835 3351 974 3404 continetur,
993 3348 1055 3412 quod

86 3416 263 3467 restituendum
281 3425 377 3472 omioni,
828 3425 831 3431 ·

161 3481 185 3545 *l
206 3484 290 3537 Contra
309 3487 327 3553 S
344 3499 369 3539 29
387 3479 559 3540 ἀποδίδοται
581 3505 624 3552 pro
647 3479 821 3537 αποδιδόναι
846 3477 896 3532 inie
915 3483 989 3531 scribi
1006 3483 1055 3528 ins-

86 3557 126 3606 sit
144 3554 275 3612 bekkerus,
293 3558 492 3620 probaveruntque
511 3558 588 3606 cribri
606 3557 672 3605 Turr.
