2444 3946
197 259 237 319 16
608 249 737 300 ῙΣΑΙΟΤ
1051 251 1101 296 On.
1124 243 1148 294 1.

196 421 257 511 666
280 418 389 500 ἄλλοις
418 428 633 510 ψηφίζοισθε,
664 417 744 490 ὅταν
766 418 893 507 θάτερα
920 416 1047 488 τούτων
1069 413 1151 486 άπο-

196 529 339 609 φαίνωσι
357 525 442 609 σφας
459 517 594 610 αύτούς,
618 515 638 608 6
656 524 744 609 γένει
762 522 940 610 προτέρους
957 515 1054 598 ὄντας
1070 511 1090 604 6
1109 520 1162 606 τῇ,

194 629 290 712 φιλίᾳ
314 625 355 710 τῇ
377 619 457 713 πρός
474 619 531 691 τόν
548 619 815 709 τετελευτηκότα,
840 616 922 708 ἡμᾶς
942 614 974 688 δ’
994 613 1043 698 οἷς
1061 621 1151 688 ἐστιν

195 718 363 811 ἀμφότερα
385 726 490 792 ταῦτα
513 719 600 810 παρά
623 719 757 791 πάντων
773 715 1037 809 ὁμολογούμενα,
1055 714 1151 800 ἄξιά·

195 843 268 891 σετε
284 821 404 910 μόνους
422 819 584 912 άκλήοους
601 823 734 909 ποιήσαι
750 824 818 890 των
836 823 972 889 ἐκείνου.
1019 850 1020 853 ’

142 913 177 988 3'9
269 925 341 992 Καδ
363 930 395 991 εί
414 924 475 1011 666
497 920 689 1011 Πολύαρχος
716 917 733 990 ὁ
757 917 863 1009 πατήρ
885 915 903 990 6
932 916 1150 1006 Κλεωνύμου,

196 1021 328 1101 πάππος
353 1020 385 1090 δ’
408 1018 579 1113 ήμέτεμος,
609 1026 672 1106 ζῶν
696 1019 852 1111 ἐτύγχανε
875 1023 929 1089 καὶ
952 1023 1020 1089 τῶν
1043 1022 1152 1106 ἐπιτη-

198 1129 297 1244 δείωη
316 1121 473 1211 ἐνδεής”
447 1151 510 1212 ων,
535 1150 555 1211 6
540 1117 774 1212 Κλεωνυμος
798 1119 986 1208 ἐτελεύτησε
1009 1121 1152 1240 θηγατέ·

196 1252 255 1312 ρας
272 1219 498 1355 ἀπορουμένας
522 1220 729 1311 καταλιπων,
753 1218 849 1312 ήμεῑς
872 1216 914 1291 66
938 1217 992 1290 διά
1015 1217 1077 1320 τήν
1096 1215 1152 1306 66-

195 1333 340 1412 χιστείαν
363 1327 417 1393 καὶ
435 1321 492 1395 τόν
509 1322 644 1394 πάππον
666 1339 885 1444 γηοοτροφεῐν
901 1313 1153 1449 ἠναγκαζόμεθα

196 1427 251 1493 καὶ
268 1453 325 1504 τας
343 1423 547 1513 Κλεωνύμου
560 1427 745 1513 θυγατέρας
763 1452 783 1511 6
769 1416 919 1511 ”λαβειυ
931 1418 1024 1490 αότοὶ
1036 1437 1153 1507 γοναί·

196 1552 254 1644 ηας
271 1553 292 1612 η
305 1543 425 1614 προῖκα
437 1523 639 1604 ἐπιδιδόντες
653 1526 773 1613 ἑτέροις
788 1521 965 1652 ἐκδιδόναι,
983 1550 1038 1592 και
1027 1515 1151 1590 ταῦθ’

195 1619 279 1712 6669
302 1627 357 1694 καὶ
374 1620 394 1712 6
413 1628 587 1713 συγγένεια
610 1627 705 1694 καὶο
708 1622 830 1745 666606
848 1626 903 1692 καὶ
920 1618 941 1710 6
959 1617 1037 1712 παρ’
1057 1615 1153 1709 6666

195 1723 346 1814 αἰσχύνη
359 1743 466 1795 ποιειν
488 1722 713 1813 ήυάγκαζεν”
692 1754 749 1818 αν,
773 1718 794 1811 6
817 1741 888 1804 ταῖς
911 1730 1077 1812 μεγίσταις
1104 1730 1152 1807 ζη-

142 1844 176 1899 60
193 1834 281 1914 μίαις
310 1828 365 1896 καί
394 1844 462 1906 τοῖς
493 1825 635 1915 ἐσχάτοις
666 1821 809 1895 ὀνείδεσι
833 1839 1036 1949 πεηιπεσειν
1063 1828 1096 1890 εί
1120 1817 1152 1890 δ’

194 1922 291 1996 ούσία
319 1935 538 2014 κατελείφθη,
571 1933 700 1996 δίκαιον
728 1919 892 2012 ἡγήσεσθ’
924 1923 1009 1993 εἶναι
1031 1921 1153 2008 ταύτης

196 2029 327 2148 ἑτέρους
353 2023 448 2149 6666
471 2031 595 2116 μάλλον
617 2036 851 2115 κληρονομεῖν;
874 2020 936 2092 ούκ
959 2021 1023 2144 666
1042 2029 1153 2144 δίηαια

192 2123 270 2195 οὐδ’
294 2123 374 2215 ύμῖν
399 2124 510 2208 αὐτοῖς
535 2129 744 2215 συμφέροντα
767 2121 847 2197 ούδε
865 2141 932 2204 τοῖς
949 2123 1061 2241 νόμοις
1078 2119 1153 2213 660-

195 2225 382 2314 λογούμενα
411 2234 670 2354 φηφιείσθε,εί
696 2229 763 2296 των
785 2226 846 2314 666
874 2227 1055 2345 συμφορήν
1076 2221 1153 2301 τούς

196 2325 361 2413 ἐγγυτάτω
383 2329 473 2414 γένει
492 2343 644 2396 κοινωνεῖ
644 2356 664 2397 6
676 2323 899 2448 άναγηάσετε,
923 2323 1099 2450 χρημάτων
1119 2323 1153 2392 δὲ

195 2431 484 2515 καταλειφθέντων
512 2425 636 2507 πάντας
665 2423 868 2517 άνθράπονς
889 2452 1111 2515 κυριωτερους
1133 2451 1152 2508 η

146 2615 148 2626 ⁴
194 2525 333 2608 τούτους
352 2525 512 2615 ποιήσετε.
564 2575 570 2592 ι

142 2651 171 2700 41
270 2626 343 2718 Χρή
369 2631 421 2717 δέ,
446 2618 474 2697 6
496 2626 630 2719 ἄνδρες,
654 2630 709 2696 καὶ
730 2624 784 2697 διά
805 2624 866 2715 τήν
884 2629 1080 2714 συγγένειαν
1099 2626 1152 2694 καὶ

196 2724 250 2796 διά
267 2726 328 2816 τήν
345 2733 405 2798 τού
422 2727 608 2819 πράγματος
626 2724 807 2816 ἀλήθειαν,
825 2724 908 2815 ὅπερ
926 2743 1066 2814 ποιεῖτε,
1085 2743 1152 2804 τοῖς

194 2825 276 2897 κατά
294 2832 387 2915 γένος
401 2838 602 2917 ψηφίζεσθαι
620 2833 744 2917 μάλλον
761 2823 782 2915 6
800 2845 867 2908 τοῖς
886 2825 967 2897 κατά
987 2825 1152 2915 διαθήκην

194 2925 444 3017 ἀμφισβητοῦσι.
491 2926 552 3018 τήν
574 2930 635 3019 666
656 2925 719 3018 666
742 2932 803 2998 τού
829 2930 947 3015 γένους
969 2926 1152 3014 οἰκειότητα

194 3027 313 3109 πάντες
332 3027 535 3118 ἐπιστάμενοι
554 3027 822 3120 τυγχάνετε,,ιιαὶ
840 3026 901 3118 ούχ
918 3025 990 3098 οἷόν
1007 3055 1043 3098 τε
1059 3021 1150 3097 τοῦτ’

195 3131 261 3199 ἐστὶ
285 3127 365 3220 πρός
388 3125 473 3251 6669
491 3129 694 3260 γεύσασθαι·
721 3129 883 3251 διαθήκας
903 3126 934 3197 δ’
954 3126 1042 3250 ήδη
1036 3129 1149 3197 πολλοὶ

180 3226 366 3312 ’ψευδείς’
347 3235 537 3320 απέφηναν,
556 3234 611 3300 καὶ
629 3259 660 3299 οι
654 3227 800 3320 ρ’μὲν
766 3258 803 3299 το
821 3228 977 3319 παράπαν
1002 3225 1042 3299 ού
1059 3255 1150 3357 γενο-

142 3351 176 3400 42
193 3333 309 3447 μένας,
331 3329 475 3452 666666'
495 3327 556 3400 οὐκ
569 3327 680 3457 όφθιός
697 3333 978 3428 βεβουλευμένων.
1016 3333 1069 3398 666
1088 3329 1150 3447 666

193 3426 294 3560 ὑμεῖς
316 3430 378 3520 τήν
405 3432 467 3553 666
486 3434 691 3555 συγγένειαη
718 3434 773 3501 καὶ
802 3429 863 3519 τήν
885 3426 1068 3517 οἰκειότητα
1090 3424 1148 3516 τήν

194 3527 398 3623 ήμετέοαν,ο
380 3529 462 3615 οἷς
443 3549 536 3623 ημεις
551 3529 789 3622 ἀγωνιζόμεθα,
807 3527 948 3610 ἅπαντες
962 3533 1147 3600 ἐπίστασθε
