2474 3946
182 228 223 292 36
531 225 781 286 ΑΙΣΧΙΝΟΤ
822 247 823 250 ’
936 253 941 263 ·

184 397 283 473 σθοῦ,
296 385 477 475 βουλευτής
490 380 537 454 &v
548 385 603 456 καὶ
613 385 825 472 προεδρεύων
837 389 967 472 ἐκείνην
977 381 1037 472 τήν
1048 382 1132 472 ἡμέ-

184 513 248 572 ραν
260 484 322 555 οὐκ
332 483 473 574 ήξίωσεν
483 481 575 574 αὑτῷ
585 498 764 570 συνειπεῖν,
776 482 860 556 ἀλλὰ
871 491 1033 572 περιεῖδεν
1044 483 1131 554 ἀπο-

117 591 168 648 124
185 587 325 653 λέσαντα
336 584 396 653 τὸν
405 591 462 671 τῆς
473 589 670 671 πρυτανείας
679 584 813 671 μισθόν.
843 582 894 652 ὅτι
905 582 939 652 δ’
951 582 1063 670 ἆλήδή
1073 589 1131 651 λέ-

183 709 249 769 γω,
270 683 363 752 κάλει
379 709 435 769 μοι
450 685 504 752 καί
522 680 799 767 Ἀρίρνωτονπὺυ
807 683 978 770 Σφήττιον
995 685 1048 751 καὶ
1067 682 1130 768 τήν

183 789 369 870 μαρτυρίαν
379 780 614 868 ἀναγίγνωσκε.
820 841 834 850 ,.

157 905 161 914 ’
512 887 795 950 ΜΑΡΤΤΡΙΑ.

264 978 344 1050 Ἀλλ’
357 990 436 1060 ίσως
447 979 489 1049 ἄν
508 1007 557 1059 τις
572 989 672 1065 είποι,
697 976 740 1058 ὥς
757 976 965 1065 ἀποδόμενος
981 978 1046 1066 τήν
1062 1003 1124 1046 πα-
1148 997 1190 1050 105

115 1095 117 1102 '
182 1078 294 1168 τρρίαν
304 1083 412 1148 οίκίαν
424 1080 538 1164 ἑτέραν
552 1077 675 1148 δι’λλοδί
683 1101 749 1145 που
759 1085 821 1145 τοῦ
830 1075 946 1156 ἄστεος
956 1076 1129 1164 ἐκτήσατο,

182 1173 256 1244 ἀντὶ
273 1177 308 1244 δὲ
325 1184 383 1263 τής
396 1179 545 1262 ἐσχατιᾶς
559 1179 614 1244 καὶ
631 1183 693 1244 τοὺ
711 1180 835 1260 χωρίου
851 1181 912 1242 τοῦ
923 1173 1131 1261 Ἀλωπεκῆσι

176 1275 237 1343 καί
254 1282 323 1342 τοῖν
340 1278 551 1361 δημιουργῶν
567 1276 623 1342 καί
639 1282 708 1342 των
723 1273 835 1343 ἄλλων
851 1270 1086 1360 είςτᾶργὺρειοί
1097 1301 1130 1342 τι

181 1372 462 1458 κατεσκευάσατο,
482 1369 593 1456 ὥσπερ
609 1373 665 1440 καί
681 1369 699 1438 ὁ
713 1368 820 1458 πατήρ
837 1369 943 1439 αὑτοῦ
953 1371 1129 1458 πρότερον.

115 1481 163 1534 125
181 1466 247 1538 ἀλλ’
262 1468 325 1538 οὑκ
337 1476 405 1539 ἔστι
412 1468 521 1559 τούτῳ
532 1467 652 1538 λοιπὸν
662 1468 778 1553 οὐδὲν,
794 1464 857 1538 οὑκ
868 1473 970 1552 ulula,
988 1465 1030 1538 οὑ
1042 1488 1129 1536 συν-

181 1575 285 1654 οικία,
297 1566 340 1636 οὑ
349 1573 434 1653 χωρί
432 1593 488 1653 ον,
506 1565 568 1636 οὑκ
579 1571 718 1654 οίκίται,
735 1565 777 1634 οὑ
790 1565 967 1652 δάνεισμα,
979 1564 1042 1633 οὐκ
1053 1564 1129 1635 ἄλλ’

180 1663 319 1733 οὑδδν’
301 1663 355 1752 αφ’
370 1691 418 1734 ων
438 1664 615 1752 ἄνθρωποι
635 1664 679 1752 μή
697 1672 879 1751 αακουρνοι
895 1669 1002 1744 ζῶσιν.
1039 1659 1132 1730 ἀλλὰ

179 1763 286 1852 τούτῳ
306 1761 380 1832 ἀντὶ
395 1769 464 1832 τῶν
480 1762 644 1855 πατρρίων
660 1786 722 1849 περ
723 1769 804 1832 ίεστι
820 1766 993 1848 βδελυρία,
1021 1779 1134 1828 συκο-

179 1863 318 1949 φαντία,
332 1859 617 1949 δρασος,τρυφή,
631 1866 751 1949 δειλίαι,
765 1857 936 1945 ἀναίδεια,
948 1855 985 1926 τὸ
997 1854 1041 1943 μή
1054 1859 1134 1925 ε’πί-

179 1971 324 2030 στασδαι
334 1964 499 2048 ἐρυθριαν
512 1959 642 2037 πδτοίς
652 1963 812 2044 αἰσχροῖς
837 1947 912 2036 ἐξ
883 1981 933 2024 ων
943 1979 1134 2023 ανοκακι-

178 2077 254 2135 στος
264 2060 319 2126 καί
330 2055 616 2134 αλυσιτελεστατος
625 2061 759 2142 πολίτης
768 2055 950 2140 γίνοιτο

265 2151 316 2221 Ου
326 2159 441 2221 τοίνυν
451 2179 557 2239 μονον
573 2152 612 2220 τὰ
631 2161 767 2243 πατρῷα
783 2105 1017 2240 κατεδήδοκεν,
1039 2149 1131 2222 ἀλλὰ
1152 2167 1196 2222 106

177 2248 284 2319 καὶτὰ
301 2247 397 2318 κοινὰ
414 2248 623 2338 τδὺμίτερα,
642 2250 732 2321 ὅσων
748 2251 882 2320 ποίποτε
898 2253 1014 2337 κύριος
1023 2254 1133 2338 νὲγο-

177 2375 245 2418 νεν.
279 2339 378 2426 οὑτος
396 2343 461 2434 γὰρ
478 2347 604 2434 ταύτην
620 2348 683 2468 τήν
703 2347 835 2436 ήλικίαν
849 2353 950 2436 ἔχων,
972 2345 1016 2435 ήν
1032 2347 1133 2437 ὑμεῖς

176 2444 290 2533 ὁρατε,
302 2442 727 2532 οὑκίστινήντιναπιίποί
741 2439 1051 2567 οὐκήρξενᾶρχήν,
1064 2447 1133 2518 οὑ-

176 2542 418 2666 δεμίανλαχων
432 2541 510 2614 οὐδὲ
529 2546 791 2631 χειροτονηθείς,
813 2540 897 2618 ἀλλὰ
915 2541 1022 2623 πάσας
1034 2547 1131 2634 παρα

175 2667 253 2722 τους
264 2667 389 2727 νομους
399 2665 585 2728 πριαμενος
608 2669 656 2712 ων
667 2667 725 2722 τας
733 2643 796 2760 μὲν
805 2649 956 2722 πλείστας
972 2645 1130 2734 παρήσω,

109 2756 157 2810 126
175 2732 358 2806 avotare*
335 2765 356 2823 η
375 2763 478 2828 τριων
494 2738 600 2825 μόνον
616 2737 858 2827 μνησθήσομαι.
892 2738 1048 2829 λογιστὴς
1061 2741 1131 2830 γὰρ
1148 2757 1195 2813 Ιοδ

174 2832 352 2916 γενόμενος
364 2837 545 2900 πλεῖστα
510 2861 571 2920 μεν
581 2835 644 2922 τήν
653 2837 752 2906 πόλιν
762 2843 884 2926 ἔβλαψε
897 2841 988 2923 δωρα
994 2843 1130 2928 λαμβά-

173 2953 244 2995 νων
253 2949 344 3013 παρα
356 2951 424 2995 των
435 2953 477 2996 ου
468 2925 623 3010 δικαίως
632 2931 823 3021 αρξαντων,
840 2934 1034 3022 μάλισταδ
1045 2942 1129 3008 ίσυ-
1229 2951 1230 3002 λ

173 3025 363 3112 κοφάντήσε
379 3051 447 3096 των
456 3024 675 3098 ὑπενθύνων
691 3031 769 3112 τοὺς
789 3033 893 3122 μηδὲν
913 3032 1125 3122 ἠδικηκότας.

172 3116 293 3211 ήρξεδ’
306 3125 369 3195 ἐν’
360 3131 482 3218 Ανδρω
494 3129 861 3218 πριάμενοςτριακοντα
871 3141 967 3220 μνεδν
985 3133 1051 3222 τήν
1061 3133 1125 3218 ἄρ·

171 3221 250 3312 χήν,
263 3227 500 3315 δανεισαμενος
509 3229 562 3300 ίπ
576 3233 673 3301 ἐννέα
684 3229 862 3321 οβολοδς
824 3260 888 3322 τήν
897 3261 1004 3322 μναυ,
1020 3234 1125 3304 εὑπο-
1229 3251 1230 3260 ’

160 3329 248 3409 ,ρίαν
257 3351 297 3412 τῃ
284 3330 467 3419 ’βδελυρίᾳ
476 3355 516 3418 τῃ
501 3330 646 3400 ’ἑαυτοῦ
655 3328 734 3412 τοὺς
742 3330 935 3420 συμμάχους
949 3330 1030 3412 τοὺς
1040 3328 1124 3419 ὑμὲ

169 3424 508 3512 τίρονςποωὺμενος·
519 3429 1120 3519 καίτοσαὺτηνἄσέλγειανίπεδείξατο
