2486 3948
455 265 746 326 ΕΠΙΣΤΟΛΑΙ.
1015 269 1076 332 205

129 435 170 493 λα
182 425 399 510 συμπράξας,
413 421 457 503 ώς
467 425 577 512 μάθη,
590 423 640 492 ὅτι
651 422 692 491 οῦ
703 434 873 506 παντελιῦς
883 431 1008 513 ἔρημον
1020 435 1077 514 φί-

129 531 198 590 λων
210 519 390 611 ὑπέλαβεν,
412 522 480 593 ἀλλ’
492 530 581 592 ἔστιν
598 531 645 596 έει
662 550 710 603 τις
717 523 899 614 Ἀθήνησιν
917 535 1077 616 Αἰσχίνου

127 621 227 707 λόγος
236 623 292 690 καί
302 621 420 709 μνήμη.
525 715 527 719 ⁴

592 768 621 833 7.

268 885 350 946 ΤΗΙ
366 885 543 947 ΒΟΥΛΗΙ
562 885 649 946 ΚΑΙ
668 884 751 944 ΤΩΙ
767 884 937 946 ΛΗΜΩΙ.

208 1005 403 1093 Ἐπνθόμην
414 1005 453 1073 τά
465 1007 609 1093 ῥηθέντα
622 1013 668 1096 τῷ
675 1005 875 1095 Μελανώπῳ
887 1003 969 1088 πρὸς
980 1001 1075 1092 ὑμᾶς,

127 1105 185 1174 ναὶ
207 1101 268 1190 τὴν
296 1105 358 1189 μὲν
384 1101 548 1189 ὑμετέραν
575 1099 784 1188 ἀνεδεξάμην
805 1110 1075 1190 φιλανθρωπίαν,

129 1202 330 1291 Μελανώπῳ
343 1203 378 1270 δὲ
396 1199 459 1269 οῦκ
475 1198 673 1269 ἐπανελθών
690 1201 797 1286 μόνον
808 1207 928 1286 νομίζω
939 1215 1007 1279 τοῖς
1018 1207 1077 1286 βε-

128 1302 303 1388 βιωμένοις
324 1299 414 1390 αὐτῷ
434 1303 637 1389 πρέπουσαν·
648 1299 835 1369 ἀποδώσειν
853 1301 967 1386 χάριν,
991 1299 1074 1384 ἀλλά

128 1397 231 1484 τυχὸν
242 1403 288 1466 ἔτι
298 1401 353 1466 καὶ
364 1403 519 1483 πατρίδος
535 1402 748 1486 ἐστερημένος
759 1397 847 1483 ὅμως
858 1396 995 1484 ἀρκέσαι
1005 1423 1077 1466 πει·
1093 1403 1144 1461 676

94 1521 113 1572 υ
130 1496 283 1583 ράσομαι.
313 1493 377 1581 ἐγώ
391 1494 471 1581 γάρ,
494 1487 521 1562 ά
531 1495 736 1581 Μελάνωπε,
760 1493 843 1566 κατά
854 1495 1005 1582 μέντοῦς
1017 1496 1077 1564 νό-

128 1621 212 1680 μους
235 1591 387 1680 ὁμολογῶ
408 1593 512 1681 ταάτη
532 1600 714 1679 κεχρῆσθαι
734 1603 776 1684 τῇ
796 1601 970 1684 συμφορᾷ,
993 1596 1077 1682 φημὶ

128 1696 240 1779 μέντοι
262 1699 402 1779 βοηθεῖν
425 1699 528 1759 ταῦτα
549 1706 616 1770 τοῖς
637 1693 751 1778 νόμοις
771 1697 991 1780 πεπονθέναι,
1021 1695 1076 1763 καὶ

128 1789 212 1874 ὑπὲρ
223 1797 285 1857 τοῦ
295 1793 420 1876 μηδένα
432 1797 683 1874 στεφανοῦσθαι
693 1788 768 1874 παρ’
780 1790 903 1870 αῦτοῦς
913 1791 1077 1877 άμωνιζόὲ

127 1913 237 1975 μενος.
260 1887 404 1972 έμοίμὲν
416 1879 528 1955 οὖντὸ
542 1891 819 1974 δεδυστυχηαέναι
831 1894 1073 1978 πολιτευομένῳ

128 1985 248 2055 κοινόν
258 1987 325 2052 έστι
337 1986 420 2071 πρὸς
433 1991 653 2072 Θεμιστοκλέα
669 1990 724 2055 ναὶ
734 1985 935 2074 Ἀριστείδην
945 1990 1002 2056 aaz
1013 1986 1075 2056 άλ-

129 2095 209 2163 λους
224 2082 370 2163 πολλοῦς
392 2093 459 2152 νῦν
474 2082 715 2172 λαμπροτάτων
724 2084 803 2154 ποτέ
814 2089 851 2154 έν
861 2095 902 2175 τῇ
912 2085 1007 2155 πόλει
1018 2113 1076 2172 γε·

92 2196 111 2250 3
129 2185 295 2270 νομένων·
323 2184 375 2250 σοί
387 2181 423 2250 δὲ
439 2181 476 2251 τὸ
489 2183 551 2268 μὲν
566 2187 660 2270 μέχρι
667 2184 746 2269 χθὲς
755 2187 810 2252 καλ
821 2185 937 2274 πρώην
947 2195 1076 2271 θεσμο-

128 2279 382 2368 θετοῦντοςῆδη
405 2290 469 2349 σοῦ
491 2284 691 2367 προεστάναι
714 2282 776 2370 τὴν
797 2289 936 2370 μητέρα,
958 2283 1075 2367 τρὶςδέ
1091 2289 1139 2347 677

128 2385 281 2466 ἐμπεσεῖν
297 2377 357 2445 τὸν
375 2382 500 2465 πατέρα
515 2402 579 2448 σου
596 2387 641 2459 είς
660 2380 697 2448 τό
721 2380 957 2467 δεσμωτήριον,
980 2380 1016 2447 σὲ
1039 2380 1075 2449 δέ

127 2602 200 2662 υαι,
222 2589 290 2652 τοίς
310 2575 386 2656 περὶ
402 2579 568 2660 Τίμαρχον
589 2576 677 2653 νέοις
695 2572 790 2642 κοινά
811 2571 898 2642 ταῦτ’
911 2574 1009 2662 εἶναι,
1032 2573 1074 2645 οῦ

126 2674 282 2756 τοῖςπερὶ
297 2669 552 2760 Θεμιστοκλέαῆ
567 2671 767 2759 Ἀριστείδην
778 2671 838 2741 τὸν
849 2678 978 2742 δίααων
988 2672 1073 2744 ῦπο-

92 2771 297 2860 ςλαμβάυω.
330 2770 414 2842 ἀλλά
425 2772 626 2862 Μελανώπῳ
646 2771 707 2858 μέν
719 2764 836 2857 αὖθις,
853 2771 915 2840 ἐάν
926 2769 1006 2858 ὑμίν
1017 2776 1076 2840 δο-

127 2879 188 2961 ιιῇ,
202 2876 389 2958 διαλέξομαι
400 2872 534 2955 παρών·
557 2870 637 2959 ὑμίν
648 2872 684 2941 δέ
693 2880 750 2959 τῆς
764 2869 905 2958 εὐνοίας,
913 2867 957 2960 ἢν
967 2869 1075 2940 ἀπόν-

128 2997 160 3040 τι
172 2996 228 3056 μοι
245 2977 467 3056 παρέσχεσθε,
489 2977 719 3058 θορυβοῦντες
736 2971 774 3058 δη“
795 2975 851 3040 καὶ
862 2968 906 3056 μὴ
917 2973 1075 3048 θέλοντες

127 3067 365 3156 ἀκροάσασθαι
375 3077 443 3138 τάν
454 3069 703 3155 λοιδορούντων
714 3067 814 3154 ἡμᾶς,
837 3065 965 3154 πολλὴν
975 3069 1075 3154 χάριν

129 3175 209 3255 ἔχω,
232 3167 438 3254 δικαιότερον
454 3171 566 3255 μέντοι
583 3171 638 3236 καὶ
654 3166 792 3253 άμεινον
802 3168 858 3252 ἐμὲ
868 3163 972 3235 αῦτόν
983 3171 1075 3234 έάσαι

129 3264 214 3352 πρὸς
225 3264 304 3346 νοῦς
313 3270 550 3352 λοιδοροῦντας
559 3269 684 3351 λέγειν,
696 3267 948 3352 ψηφισαμένους
958 3262 980 3328 ά
991 3271 1074 3329 πολ-

128 3362 224 3444 λάκις
234 3373 367 3444 πολλοῖς
376 3361 440 3453 ἤδη
453 3369 661 3451 ἐψηφίσασθε
672 3361 713 3430 τά
722 3368 857 3448 μέγιστα
868 3361 1074 3448 ἁμαρτοῦσιν

98 3466 178 3540 θείς
189 3459 284 3548 ῦμάς.
318 3469 348 3530 εί
357 3461 393 3530 δὲ
404 3459 516 3549 μή,το’
527 3489 564 3547 γε
579 3461 735 3547 δεύτερον
747 3457 791 3529 ἀν
801 3466 973 3548 δεηθείην,
996 3459 1073 3529 ἀνί·
1159 3509 1160 3513 =
