2510 3948
297 258 428 352 ΚΑΤΑ
448 293 825 352 Κτιιειοιιατοε.
977 291 1036 356 1⁶5

61 453 182 524 δόται
195 449 451 539 τῶνἙλλήνων,
470 449 533 520 ἀπὸ
546 456 607 538 μὲν
619 461 675 538 τῆς
692 453 825 542 εἰρήνης
838 451 1044 543 ἀπετράπου.

61 579 137 639 το,
148 554 201 620 ἐπὶ
212 552 246 621 δὲ
257 549 319 638 τήν
330 551 513 638 παράταξιν
525 548 692 637 ὅρμησαν.

4 670 45 723 52
166 651 277 719 ’Ἔνθα
298 651 338 736 δή
361 651 416 719 καί
437 657 506 717 τω”υ
524 647 665 735 ἀμαθῶν
682 647 816 737 ἀνδρῶν
834 649 928 730 ἀξιόυ
950 654 1039 722 ἐστιν,

68 751 351 836 ἐπιμνησθῆναι,
374 745 434 827 οάς
451 739 548 826 οὗτος
565 746 705 816 ἀθάτων
721 752 777 816 καί
794 747 1040 836 ἀκαλλιερήτων

71 848 199 916 ὄντων
209 854 278 914 τεόν
287 851 388 930 ίεραόν
395 850 561 932 ἐκπέμψας
572 849 624 914 ἐπὶ
634 844 694 914 τόν
701 847 870 934 πρόδηλον
880 852 1040 916 κίνδυνον

72 946 248 1032 ἐτόλμησε
264 947 523 1031 τοῖς-δραπέταις
539 947 616 1013 ποσὶ
629 947 684 1013 καὶ
695 946 863 1014 λελοιπόσι
873 944 934 1034 τήν
944 946 1039 1026 τάξιν

74 1044 218 1134 ἀναβάς
236 1047 288 1112 ἐπὶ
304 1040 485 1130 τόντάφον
501 1051 570 1111 των
579 1043 859 1130 τετελευτηκότων
875 1043 1039 1131 ἐγκωμιά-

77 1148 158 1223 ζειν
174 1139 235 1228 τήν
255 1144 392 1209 ἐκείνων
409 1139 539 1227 ἀρετήν.
573 1131 601 1208 ἀ
618 1139 701 1226 πρὸς
717 1141 777 1228 μὲν
794 1140 834 1209 τά
845 1142 971 1229 μεγάλα
984 1142 1039 1210 καὶ

78 1242 258 1308 σπουδαῖα
276 1239 412 1306 πάντων
435 1237 626 1325 ἀνθρώπων
643 1237 877 1325 ἀχρηστότατε,
900 1239 982 1327 πρός
1003 1243 1039 1310 δὲ

78 1337 153 1424 τήν
164 1343 201 1407 ἐν
211 1352 279 1418 τοῖς
290 1340 401 1425 λόμοις
411 1338 538 1425 τόλμαν
547 1338 811 1426 θαυμασιάτατε,
823 1339 1040 1425 ἐπιχειρήσειν

78 1437 258 1523 ἐθελήσεις
269 1435 386 1506 αὐτίκα
396 1438 500 1525 μάλα,
511 1441 645 1525 βλέπων
657 1442 702 1515 είς
713 1434 752 1503 τά
765 1434 894 1504 τούτων
904 1436 1040 1519 πρόσω·

81 1560 157 1621 πα,
180 1538 306 1623 λέγειν,
329 1533 374 1615 σός
385 1540 481 1605 όείσε
493 1539 625 1614 ἐπίταῐς
638 1543 696 1622 τῆς
713 1535 841 1616 πόλεως
852 1549 1040 1622 συμφοραῖς

81 1643 362 1720 στεφανοῦσθαις
390 1631 449 1700 ἐὰν
460 1630 492 1700 δ’
505 1625 602 1712 οὗτος
613 1635 707 1720 λέμη,
730 1631 1039 1721 ὑμείςὺπομενεῑτε,

80 1735 146 1801 καί
157 1743 440 1801 συναποθανεῖται
448 1745 516 1810 τοϊς
526 1731 777 1819 τελευτήσασιν,
801 1729 845 1812 ὡς
861 1740 963 1818 ἔοικε,
984 1735 1040 1802 καί

1 1858 61 1912 ,53
80 1830 107 1920 ή
122 1829 266 1918 ὑμετέρα
277 1832 404 1918 μνήμης
427 1834 565 1918 γένεσθε
584 1832 625 1917 δή
644 1858 699 1917 μοι
712 1830 833 1919 μικρόν
844 1832 1039 1920 χρόνοντήν

86 1930 247 1999 διάνοιαν
265 1927 309 2015 μὴ
327 1931 364 1997 ἐν
381 1937 429 2018 τῷ
445 1934 663 2018 δικαστηρίῳ,
684 1925 754 1999 ἀλλ’
773 1933 809 2000 ἐν
824 1939 872 2022 τῷ
895 1931 1039 2020 θεάτρῳ,
1054 1947 1104 2004 641

82 2029 146 2098 καί
157 2025 405 2113 νομίσαθ’ὁράν
414 2028 573 2111 προϊόντα
582 2024 643 2096 τόν
653 2027 782 2116 κήρυκα
794 2032 849 2097 καί
859 2029 921 2116 τήν
931 2033 967 2098 ἐκ
979 2036 1041 2098 τοῦ

84 2133 301 2212 ψηφίσματος
308 2123 493 2216 ἀνάρρησιν
501 2126 880 2214 μέλλουσανγόμνεσθαι,
886 2131 942 2197 καί
948 2137 1040 2215 λογί-

87 2235 216 2311 σασθε,
239 2224 349 2314 πότερ’
361 2237 475 2296 οίεσθε
490 2224 570 2304 τούς
580 2231 723 2306 οἰκείους
734 2234 803 2295 τῶν
818 2229 1040 2316 τελευτησάν-

86 2351 160 2394 των
175 2332 275 2393 πλείω
299 2327 429 2414 όάιιρυα
451 2324 594 2414 ἀφήσειν
615 2329 669 2395 ἐπὶ
685 2340 757 2405 ταῖς
772 2332 969 2418 τραμμόίαις
984 2332 1040 2395 καὶ

87 2437 161 2502 τοίς
176 2420 331 2509 ἡρωικοῖς
351 2426 475 2494 πάθεσι
494 2440 562 2504 τοῖς
582 2425 664 2511 μετά
686 2425 775 2493 ταῦτ’
793 2427 994 2492 ἐπεισιοῦσιν
1017 2420 1039 2511 ή

12 2527 70 2581 154
89 2525 145 2591 ἐπὶ
155 2531 195 2610 τῇ
205 2531 263 2609 τῆς
274 2523 401 2601 πόλεως
411 2521 644 2609 ἀγνωμοσύνη.
667 2531 716 2598 τίς
728 2518 792 2606 γάρ
805 2519 868 2590 οὐκ
880 2517 925 2588 ἀν
935 2520 1041 2608 ἀλμήτ

90 2642 181 2689 σειεν
202 2619 382 2707 ἀνθρωπος
400 2618 522 2705 Ἕλλην
547 2621 603 2687 καὶ
629 2619 821 2698 παιδευθεὶς
843 2623 1038 2707 ἐλευθέρως,

91 2717 319 2805 ἀναμνησθεὶς
330 2721 367 2787 ἐν
376 2726 424 2808 τῷ
434 2716 567 2806 θεάτρῳ
579 2715 687 2784 ἐκείνό
698 2742 747 2802 γε,
759 2713 790 2784 εί
800 2717 903 2804 μηδὲν
913 2720 1038 2801 ἕτερον,

91 2816 255 2905 ὅτιταάτη
272 2818 351 2887 ποτε
367 2825 409 2904 τή
424 2814 531 2904 ἡμέρη
548 2813 737 2903 μελλόντων
754 2812 864 2904 ὥσπερ
880 2819 958 2887 νυνί
973 2825 1041 2886 τῶν

91 2921 273 3002 τραγῳδῶν
294 2926 486 3003 γίγνεσθαι,
508 2911 554 2982 ὅτ’
573 2911 744 3002 εὐνομεῖτο
761 2921 890 3002 μᾶλλον
906 2914 928 3005 ή
946 2917 1041 2994 πόλις

92 3016 148 3082 καὶ
165 3021 309 3101 βελτίοσι
327 3016 526 3101 προστάττω
544 3016 677 3102 ἐχρῆτο,
699 3015 879 3102 προελθών
900 3014 918 3084 ὁ
937 3020 1041 3101 κῆρυξ
1058 3034 1109 3090 τις

92 3111 148 3177 καὶ
168 3110 462 3198 παραστησάμενος
481 3108 560 3190 τούς
577 3109 765 3199 όρφιινοάς,
789 3105 838 3180 τόν
853 3116 889 3180 οί
904 3120 1042 3201 πατέρες

92 3199 180 3296 ἦσαν
190 3209 227 3275 ἐν
237 3215 282 3297 τῷ
295 3210 427 3297 πολέμῳ
438 3209 717 3296 τετελευτηκότες,
730 3214 925 3289 νεανίσκους
936 3234 1042 3291 πανο-

93 3308 172 3390 πλία
186 3307 468 3391 κεκοσμημένους,
486 3305 641 3393 ἐκήρυττε
651 3303 688 3372 τὸ
701 3304 877 3375 κάλλιστον
887 3306 1041 3402 κήρυγμα

93 3408 148 3472 καί
161 3405 489 3495 προτρεπτικώτατον
504 3406 587 3491 πρὸς
604 3402 742 3491 ἀρετήν,
763 3404 815 3474 ότι
831 3403 1041 3486 τοόσόετοάς

92 3518 306 3590 νεανίσκους,
330 3494 377 3570 όν
389 3506 424 3570 οί
431 3505 567 3589 πατέρες
578 3504 794 3590 ἐτελεύτησαν
804 3506 840 3574 ἐν
850 3512 897 3596 τῷ
907 3508 1038 3596 πολέμῳ
