2450 3950
50 305 76 354 p.
96 285 137 338 90.
266 286 358 337 nm
374 284 450 338 του
466 285 604 340 muoz*
620 287 784 342 mmor.
937 297 997 360 149

49 470 128 528 σθαι
146 460 222 548 περὶ
232 455 310 539 τούς
321 461 566 549 Στρατοκλέους
583 466 712 541 παῖδας.
743 457 805 532 ούιι
821 459 912 546 ἄξιον
929 481 998 548 τοίς

50 555 165 630 τούτου
181 556 291 647 λόγοις
308 557 487 650 πιστεύειν,
503 555 541 642 δς
556 558 716 649 τοσαύτης
733 557 847 644 οὐσίας
865 575 998 637 καταλε-

49 661 221 748 λειμμέυης
254 657 428 749 ἐτόλμησεν
460 663 513 732 έπλ
545 665 686 751 διαβολῇ
709 660 899 756 ψεύσασθαι
924 663 996 736 κατ’

49 763 128 852 ἐμοῦ
142 762 320 847 τηλικαῦτα
335 758 371 832 τδ
387 763 535 851 μέγεθος.
565 769 805 856 καταλογίζεται
820 771 937 836 τοίνυν
954 762 998 848 ὥς
1049 844 1056 864 χ

47 857 109 948 ἐγύ
134 873 222 951 τρεῖς
252 859 393 954 κλήρους
419 860 562 952 είληφεδς
587 864 644 934 καὶ
668 867 799 934 πολλῶν
824 863 998 956 χρημάτων

45 958 201 1088 εὐπορεῖν
214 958 361 1052 ἀφανίζοι
377 960 439 1052 τήν
456 959 590 1086 ούσίιρν,
608 959 655 1033 ἵν’
673 959 719 1045 ὥς
737 961 884 1054 έλύχισθ’
903 962 998 1057 ύμείς

44 1059 154 1133 αὐτοῖν
181 1059 376 1152 ἆπολαύητε
419 1080 497 1145 τοῖς
509 1061 575 1155 γὰρ
601 1065 706 1153 μηδὲν
733 1071 861 1140 δίκαιον
887 1074 998 1158 ἔχουσι

44 1166 204 1254 περὶτῶν
220 1164 423 1288 πραγμάτων
441 1160 591 1254 λέγειν’
572 1163 706 1253 ανύγκη
721 1174 911 1257 πορίζεσθαι
932 1197 996 1240 τοι·

43 1263 162 1347 ούτους
179 1263 313 1356 λόγους,
339 1256 423 1350 ἐξ
395 1295 443 1336 ων
461 1263 694 1353 διαβάλλοντες
716 1269 818 1337 πλέον
835 1273 922 1356 ἔχειν
940 1274 997 1338 δυ-

41 1365 199 1454 νήσονται
215 1370 283 1438 τῶν
299 1363 486 1438 ἀντιδίκων.
517 1369 600 1458 ἐμοὶ
606 1368 643 1436 δὲ
660 1364 822 1458 μάρτυρές
834 1366 963 1439 ἐστε’
917 1395 997 1440 παν·
1014 1396 1049 1450 48

42 1495 96 1548 τες
117 1463 172 1537 ὅτι
196 1473 231 1538 oc
241 1471 311 1572 της
338 1471 414 1557 έμής
439 1465 595 1555 γυναικδς
617 1462 768 1558 ἀδελφοί,
816 1474 998 1592 Χαιρέλεως

43 1571 98 1638 καί
115 1555 349 1660 Μακάρτατος,
373 1565 414 1638 ού
430 1596 497 1639 των
514 1567 794 1660 λειτουργούντων
813 1559 900 1657 ήσαν
915 1568 999 1641 ἀλλὰ

42 1698 110 1738 των
128 1677 285 1760 βραχεῖαν
303 1671 509 1792 κεκτημένων
531 1665 656 1760 ούσίαν.
692 1667 913 1795 Μακάρτατον
934 1669 998 1763 γδρ

43 1781 112 1840 ἴστε
129 1765 180 1841 ότι
196 1798 232 1840 το
222 1767 371 1859 χωρίον
389 1754 592 1858 ἀποδόμενος
613 1771 668 1838 καὶ
685 1769 802 1862 τριήρη
820 1770 998 1862 πριάμενος

42 1875 96 1940 καὶ
124 1868 248 1958 ταύτην
272 1867 527 1961 πληρωσάμενος
558 1877 605 1950 είς
630 1869 764 1959 Κρήτην
791 1873 996 1954 ἐξέπλευσεν·

43 1967 82 2040 ού
98 1969 164 2061 γδρ
180 1968 216 2041 τό
235 1977 333 2060 ἔργον
349 1967 475 2060 ἀφανές
499 1973 644 2059 ἐγένετο,
668 1966 752 2039 ἀλλὰ
769 1973 823 2040 καὶ
840 1970 939 2059 λόγον
964 1975 999 2041 έν

42 2075 88 2165 τῷ
115 2069 207 2166 δήμφ
233 2074 390 2163 παρέσχε,
421 2069 465 2161 μή
490 2069 635 2160 ’πόλεμον
660 2066 740 2160 ήμίν
765 2066 837 2142 ἄντ’
867 2069 999 2164 εἰρήνης

42 2177 168 2252 ἐκεῖνος
193 2170 275 2263 πρὸς
306 2178 589 2261 Λακεδαιμονίους
615 2169 768 2260 ποιήσειε.
813 2175 998 2264 Χαιρέλεως
1015 2205 1050 2259 ης

42 2274 80 2342 66
96 2271 134 2344 τὸ
151 2281 366 2366 Προσπαλτοῑ
380 2280 501 2365 χωρίου
518 2275 707 2362 κατέλιπεν,
725 2269 745 2343 6
760 2277 862 2345 πλέον
878 2271 940 2344 ούκ
956 2269 998 2344 66

42 2371 134 2464 εύροι
151 2373 328 2464 τριάκοντα
344 2377 445 2464 μναῖν.
482 2377 606 2462 συνέβη
621 2375 659 2444 δὲ
675 2372 733 2445 τόν
750 2375 811 2463 μέν
822 2379 925 2444 ταύτα
943 2403 999 2445 κα·

39 2473 221 2545 ταλιπόντα
237 2477 428 2563 τελευτῆσαι
445 2471 605 2566 πρότερον
622 2469 643 2561 6
659 2472 898 2565 Μακάρτατον,
919 2478 999 2544 ἐκεί-

19 2601 101 2646 “νον
120 2576 159 2645 δὲ
176 2572 257 2664 μετὰ
273 2575 394 2662 ταύτης
410 2578 468 2662 τής
485 2570 612 2696 φύσίας,
629 2570 672 2694 ήμ
690 2580 775 2662 ἔχων
793 2577 999 2656 ἐξέπλευσεν·

39 2674 173 2747 ἅπαντα
187 2674 252 2767 γὰρ
269 2673 379 2746 καὶ
342 2703 404 2762 την
420 2671 536 2765 τριήρη
546 2667 660 2743 καὶ”
619 2668 722 2742 αυτόν
739 2671 821 2742 κατὰ
837 2669 894 2742 τόν
906 2671 1000 2742 πόλε-

39 2806 103 2865 μον
129 2774 289 2846 ιἰπεόλεσε.
334 2775 610 2874 καταλειφθέντος
638 2773 675 2841 δέ
705 2775 766 2843 τού
789 2782 1004 2863 Προσπαλτοί

38 2885 166 2969 χωρίου
192 2879 248 2948 καί
273 2879 470 2966 γιγνομένου
493 2877 552 2999 τής
571 2877 707 2944 ἐκείνων
732 2869 895 2964 ύδελφής,
924 2877 1001 2964 έμής

40 2981 77 3048 δὲ
95 2976 272 3066 γυναικός,
300 2971 502 3065 ἐπείσθην
482 2973 548 3046 ου’
572 2978 699 3063 ἐκείνης
725 2979 908 3066 είσποιήσαι
926 2987 1001 3046 Μα-

40 3077 193 3174 καρτύτφ
221 3075 294 3148 τὸν.
303 3081 414 3169 ἕτερον
436 3106 504 3148 των
527 3082 672 3148 παίδων
697 3072 757 3167 ούχ
788 3082 846 3148 ἵνα
869 3074 914 3166 μή
937 3085 1001 3146 λει-

38 3188 268 3303 τουργρίην,ε
253 3176 512 3270 είπροσγένοιτό
529 3205 583 3266 μοι
594 3205 691 3247 τουτο
700 3205 737 3247 το
754 3185 884 3268 χωρίον.
912 3172 1001 3265 ὁμοί·
1018 3203 1052 3258 ηρ

42 3310 84 3362 ως
111 3278 178 3372 γὰρ
204 3282 260 3350 καὶ
287 3277 533 3367 είσποιήσαντος
558 3277 654 3348 τούτό
679 3273 712 3366 γ’
731 3273 892 3367 ὑπῆρχεν·
921 3272 1001 3344 οὐδὲ

40 3380 103 3472 γὰρ
134 3378 364 3503 ἐλειτούργορν
391 3377 446 3449 διδ
469 3407 566 3450 τουτο
591 3407 612 3466 γ
632 3367 750 3498 ήττρν
775 3373 891 3463 ούδέν,
918 3371 1001 3445 ἄλλα

41 3485 96 3551 καὶ
115 3486 185 3553 των
203 3479 425 3604 εἰσφερόντων
450 3471 493 3568 ήν
518 3481 574 3549 καὶ
599 3480 665 3548 τοῖν
681 3475 721 3546 τὰ
738 3473 1000 3599 προσταττόμενα

40 3578 125 3672 ύμῖν
144 3579 275 3654 ἅπαντα
292 3579 486 3654 ποιούντων.
512 3609 531 3650 ο
519 3573 628 3650 “66
605 3605 648 3659 ως
666 3573 778 3669 περὶ’
758 3575 922 3668 αχρήστου
938 3577 1001 3665 μὲν
