2450 3950
383 226 517 284 ΚΛΤΑ
548 226 816 286 TIMAPXOY.
1054 227 1077 290 9

119 389 335 470 παιδοτρίβας
346 383 403 462 τάς
419 389 620 466 παλαίστρας
636 381 783 470 ἀνοίγειν
793 386 857 470 μὲν
871 384 1072 474 ἀπαγορεύει
1088 398 1123 453 33

121 483 166 571 μὴ
179 485 359 571 πρότερον,
371 485 451 569 πρὶν
462 478 534 550 άνό
547 480 639 569 ἥλιος
649 481 776 572 άνίσχη,
797 483 909 576 κλῄειν
921 489 957 557 δὲ
968 511 1073 574 προσ-

121 585 231 653 τάττει
243 581 307 667 πρό
319 579 416 670 ἡλίου
427 582 621 665 δεδυκότος,
633 579 692 661 τάς
701 585 834 669 ἐρημίας
845 587 899 654 καλ
909 584 946 654 τὸ
957 589 1075 668 σκότος

122 686 159 752 έν
176 690 311 770 πλείστη
328 677 456 769 ὑποψία
472 681 687 766 ποιούμενος·
709 684 763 748 καλ
782 680 861 762 τούς
875 693 1075 764 νεανίσκους

120 779 202 859 τούς
212 786 450 866 εἰσφοιτῶντας
460 777 617 858 οὕστινας
628 782 680 846 δεῖ
695 777 779 848 εἶναι
790 781 846 848 καλ
854 780 990 861 ἅστινας
1000 783 1074 870 ἡλι-

121 886 196 959 κίας
206 885 357 965 ἔχοντας,
374 879 431 946 καλ
442 875 547 964 ἀρχὴν
561 877 634 965 ἥτις
646 876 767 965 ἔσταιὴ
779 879 910 948 τούτων
916 883 1073 966 ’ἐπιμελη-

121 979 262 1064 σομένη,
290 977 346 1045 καλ
370 978 445 1063 περὶ
469 979 691 1062 παιδαγωγῶν
719 980 976 1063 ἐπιμελείαςκαὶ
1000 982 1076 1064 περὶ

122 1080 305 1144 Μουσείων
324 1077 362 1142 ἐν
372 1087 440 1153 τολς
452 1077 690 1153 διδασκαλείοις
706 1077 761 1144 καλ
778 1079 852 1163 περὶ
863 1073 1030 1162 Ἑρμαίων
1040 1081 1076 1146 έν

121 1189 192 1253 ταῖς
202 1180 434 1261 παλαίστραις,
452 1172 555 1244 καλτό
572 1181 760 1246 τελευταῖον
771 1179 846 1260 περλ
863 1183 920 1260 τῆς
931 1177 1076 1262 συμφοι-

123 1274 250 1360 τήσεως
266 1280 334 1341 τῶν
356 1277 486 1342 παίδων
507 1273 563 1340 καλ
583 1279 652 1340 των
672 1280 782 1357 χορῶν
798 1280 866 1340 τῶν
882 1276 1074 1357 ἐγκυκλίων·

71 1388 106 1441 11
124 1371 254 1441 κελεύει
264 1369 328 1459 γὰρ
339 1368 399 1440 τὸν
409 1368 555 1457 χορηγόν
565 1368 625 1438 τόν
641 1373 802 1456 μέλλοντα
812 1367 1004 1457 τὴνούσίαν
1013 1368 1076 1457 τὴν

122 1474 246 1542 ἑαυτοῦ
262 1469 454 1538 ἀναλίσκειν
474 1467 560 1556 ὑπὲρ
579 1471 820 1554 τετταράκοντα
839 1475 895 1556 ἔτη
915 1472 1076 1556 γεγονότα

120 1577 221 1637 τοῦτο
239 1567 411 1652 πράττειν,
432 1565 473 1635 ἵν’
489 1566 553 1653 ἤδη
571 1570 607 1634 έν
629 1573 668 1654 τῇ
691 1568 948 1656 σωφρονεστάτῃ
969 1565 1077 1636 αύτού
1091 1585 1127 1640 33

120 1663 234 1754 ἡλικία
251 1661 317 1752 τόν,
341 1663 450 1744 οὕτως
466 1663 650 1752 ἐντυγχάνῃ
673 1679 742 1744 τοϊς
763 1661 932 1752 ὑμετέροις
953 1672 1067 1735 παισίν

122 1761 352 1849 άναγνοόσοται
362 1755 427 1834 οὖν
435 1758 516 1848 ὑμῖν
525 1761 749 1841 τούτουςτούς
759 1761 884 1848 νόμους
895 1761 1077 1848 ὁγραμμα-

121 1857 216 1944 τεύς,
237 1856 278 1926 ἵν’
291 1863 416 1946 είδητι,
429 1854 510 1927 ότιὸ
527 1860 712 1943 νομοθέτης
724 1854 871 1944 ἡγήσατο
890 1856 951 1926 τόν
967 1865 1077 1936 καλῶς

122 1961 293 2041 τραφέντα
310 1960 411 2025 παλδα
429 1955 536 2040 άνδρα
553 1955 739 2042 γευόμενον
763 1955 925 2040 χρήσιμον
942 1961 1079 2023 ἔσεσθαι

122 2064 163 2144 τῇ
174 2055 286 2124 πόλιν
314 2053 397 2124 ὅταν
413 2052 477 2142 δ’ύγ
495 2053 676 2140 φύσιςτοῦ
693 2051 880 2139 άνθρεόπον
897 2051 1003 2134 εὐθὺς
1013 2078 1077 2123 πο-

121 2153 232 2239 νηράν
250 2150 355 2239 α’ρχήν
372 2152 458 2242 λάβη
480 2160 538 2240 τῆς
555 2155 720 2236 παιδείας,
741 2154 778 2220 έκ
801 2159 870 2222 τῶν
891 2160 1002 2233 κακῶς
1023 2179 1077 2222 τε·

122 2257 330 2339 θραμμέυωυ
351 2257 481 2322 παίδων
502 2259 752 2340 παραπλησίους
774 2247 921 2339 ἡγήσατο
944 2261 1078 2333 πολίτας

124 2355 261 2418 ἔσεσθαι
276 2349 431 2440 Τιμάρχῳ
443 2357 572 2441 τουτφί
605 2354 679 2436 λέγι
690 2348 721 2420 δ’
735 2349 846 2429 αύτοίς
863 2349 941 2430 τούς
953 2350 1078 2436 νόμους

122 2449 270 2530 τούτους.
676 2525 678 2530 ,
947 2467 960 2506 ι

501 2583 681 2643 ΝΟΜΟΙ.

72 2699 105 2751 λλ
210 2691 266 2772 [οί
275 2691 376 2755 δὲτων
386 2691 502 2753 παίδων
513 2687 688 2753 διδάσκαλοι
691 2683 904 2796 άνοιγέτωσαυ
919 2683 1017 2766 μὲν
984 2709 1021 2747 τα
1033 2689 1077 2748 δι·
1091 2699 1125 2754 37

167 2778 327 2839 δασκαλεια
348 2769 390 2881 μὴ
409 2769 552 2859 πρότερον
572 2767 700 2876 ηλίου’
681 2768 830 2876 ανιόυτος,
852 2771 1026 2837 κλειέτωσαν
1049 2771 1081 2834 δέ

165 2881 189 2921 π
189 2853 322 2964 ρόηλίου
332 2856 480 2934 δύνοντος.
504 2859 555 2923 καλ
564 2883 606 2939 μη
595 2852 785 2935 ἐξέστωτοις
794 2848 909 2942 υπλρ
878 2880 933 2937 την
942 2857 1078 2918 τωυπαί
1091 2863 1127 2919 38

167 2947 229 3006 δαν
242 2935 412 3046 ἡλικίαν
375 2962 461 3007 ουσιν
472 2945 644 3008 ελσιέναι”
602 2967 663 3006 των
672 2944 788 3006 παίδων
799 2939 915 3008 Most
897 2965 1008 3043 οντφυ,
1026 2934 1079 3003 ίαν

166 3054 207 3110 μη
195 3023 290 3103 υίὸς
308 3022 526 3094 διδασκάλου
506 3054 525 3109 η
550 3020 721 3129 άδελφος”
701 3053 720 3109 η
737 3020 888 3126 θυγατρος
904 3018 997 3108 άυήρ·
1026 3018 1079 3088 ἒαν

167 3111 201 3174 δέ
210 3136 254 3188 τις
263 3136 346 3214 παρα
357 3117 428 3175 ταῦτ
431 3107 509 3174 ἐἰσί
507 3137 541 3198 η,
561 3107 687 3195 θαυάτω
694 3105 883 3210 ζημιούσθω
911 3109 962 3172 καλ
979 3110 1012 3171 οί
1024 3133 1078 3191 γυ-

166 3191 346 3300 μνασιάρχαι
363 3203 424 3270 τοῖς
442 3190 548 3299 ῐίίδρμα
546 3220 590 3270 οις
607 3220 648 3276 μη
668 3190 800 3258 ἐάτωσαν
814 3193 1009 3275 συγκαθιέναι
1023 3216 1074 3271 μη

168 3281 239 3343 δένα
254 3287 314 3344 τῶν
328 3280 360 3343 έν
374 3276 476 3367 ηλικία
492 3276 591 3424 τρόπφ
608 3280 726 3360 μηδενί·
755 3272 808 3341 ἒόιν
825 3276 859 3339 δὲ
874 3275 1011 3376 έπιτρέπη
1028 3275 1079 3336 καλ
1093 3284 1128 3339 3⁹

168 3388 209 3468 μη
196 3360 283 3441 έξεί
282 3389 338 3451 ργη
354 3370 407 3427 τοῦ
424 3366 604 3446 γυμνασίου,
629 3363 727 3464 ἔνοχος
742 3354 843 3425 ἔστωδ
859 3357 1080 3442 γυμνασιάρχης

166 3455 209 3534 τῷ
226 3455 278 3531 τῆς
282 3389 458 3532 ἐλευθέρων
474 3453 594 3531 φθοράς
607 3441 698 3532 νόμω.
732 3447 762 3508 οί
772 3443 804 3507 δὲ
819 3443 939 3530 γορηγολ
951 3443 982 3507 ολ
989 3450 1078 3506 καθι-
