2450 3950
11 231 37 280 p.
54 214 98 265 86.
239 213 329 264 ΠΕΡΙ
346 213 421 265 ΤΟΤ
438 213 575 266 ΔΓΜΟΤ
592 215 755 268 ΚΛΗΡΟΤ.
907 221 966 282 141

14 386 72 472 μὲν
100 374 161 472 ἦν’,
174 387 216 474 τῇ
245 382 345 472 φύσει
373 381 522 475 πάντων,
553 388 589 456 ἐν
610 386 656 455 Κδὲ
678 403 749 466 ταῖς
771 382 968 476 άγχιστείαις

13 481 280 574 ὁμολογουμένως
290 481 353 555 οῦκ
371 491 468 554 ἔστιν.
504 484 574 554 εἶτα
590 484 718 576 γράψας
735 483 875 568 άυεψιοῦ
891 502 968 567 παῖς
986 511 1019 564 18

14 586 96 654 εἶναι
114 581 271 665 κάκείνας
289 587 452 672 ἐξελέγξας
468 580 531 656 οῦκ
547 582 650 666 οῦσας
668 590 705 657 έν
721 601 791 668 ταῖς
808 582 967 675 άγχιστεί-

14 715 78 774 αις,
96 682 206 766 οὕτως
225 684 466 774 ἐπεδικασάμην
488 682 567 775 παρ’
584 681 683 775 ῦμῖν,
707 689 761 756 καί
778 682 890 756 αὐτῶν
907 682 969 756 οῦκ

16 787 130 874 ίσχυσέ
150 815 183 855 τι
205 782 282 855 αῦτε
297 789 339 875 τῇ
360 783 417 856 τὸν
440 790 562 877 κλῆρον
587 785 705 876 ἐχοῦση
722 784 760 856 τὰ
777 813 968 876 προνενικη-

16 891 104 956 κέναι
127 883 208 967 τοῦς
237 883 318 956 κατά
342 884 508 975 διαθήκην
535 883 863 976 ἀμφισβητήσαντας,
892 883 969 956 οῦτε

16 991 54 1076 τῇ
70 989 168 1078 ἑτέρα
184 983 220 1056 τδ
230 989 359 1108 μητέρα
377 986 461 1057 εἶναι
484 991 545 1058 τοῦ
560 984 618 1058 τδν
634 991 758 1077 κλῆρον
775 985 968 1108 κμταλικόν·

14 1115 85 1176 τος,
108 1083 181 1156 ἄλλ’
207 1083 312 1168 οὕτως
334 1086 426 1156 oc'
388 1115 462 1157 τοτε
492 1085 674 1171 δικάζοντες
696 1083 808 1158 καὶ
774 1116 811 1157 το
840 1093 968 1158 δίκαιον

15 1191 70 1256 καί
87 1185 165 1268 τοῦς
165 1185 300 1310 ὅρκομς
324 1189 399 1279 περὶ
417 1191 541 1258 πολλοῦ
559 1187 770 1277 ἐποιήσαντο,
793 1185 873 1257 ὥστ’
899 1190 968 1277 ἐμοὶ

15 1292 61 1379 τῷ
93 1285 177 1357 κατά
209 1285 286 1368 τοῦς
319 1286 440 1412 νόμους
474 1285 748 1417 ἀμφισβητοῦντι
768 1285 830 1377 τὴν
855 1291 969 1377 ψῆφον

16 1385 167 1476 ἤνεγκαν.
196 1395 303 1458 καίτοι
321 1385 403 1458 εί
367 1417 424 1470 τας
441 1389 503 1478 μὲν
513 1397 672 1480 νενίκηκα
687 1393 806 1460 τοῦτον
821 1386 880 1460 τδν
897 1387 969 1479 τρό·
988 1401 1020 1454 19

17 1516 97 1611 που,
119 1493 284 1572 ἐπιδείξας
307 1484 440 1578 μηδέν’
436 1498 545 1581 Αγνία
566 1487 639 1560 κατ’
664 1486 853 1580 ἀγχιστείαν
869 1511 968 1580 προσ-

19 1588 175 1678 ηκούσας,
210 1579 306 1670 οῦτος
340 1591 378 1658 δὲ
411 1587 456 1679 μὴ
485 1588 662 1679 ἐτόλμησεν
689 1588 896 1680 άυτιδικῆσαι
922 1594 970 1684 τῷ
1045 1615 1049 1626 “

20 1692 109 1759 παιδί
137 1693 198 1760 τοῦ
224 1685 421 1813 ἡμικληρίρυ
450 1687 530 1780 πρὸς
559 1686 659 1779 ἡμᾶς,
688 1697 723 1762 οί
744 1692 781 1761 δὲ
803 1700 967 1816 Στρμτίου

20 1795 131 1872 παῖδες
149 1795 184 1861 οί
196 1787 320 1862 ταῦτόυ
331 1788 438 1913 τορίτω
449 1788 668 1880 προσήκοντες
679 1792 763 1908 μηδὲ
779 1795 846 1862 νῦν
861 1788 968 1875 άξιοῦ-

21 1912 71 1960 σιν
92 1888 299 1988 άυτιδικησαι
321 1888 464 1981 πρδςμ
426 1893 464 1980 ἐμ
466 1891 482 1960 ἐ
504 1893 580 1981 περὶ
604 1888 732 1980 αὐτοῖν,
761 1899 823 1980 ἔχω
847 1888 880 1961 δ’
905 1890 968 1980 ἐγοδ

21 1989 74 2060 τὸν
95 1996 218 2084 κλῆρον
241 1985 512 2081 ἐπιδικασάμενος
534 1987 614 2081 παρ’
638 1987 734 2080 ῦμῖυ,
760 1995 913 2113 ἐξελέγχω
932 1993 969 2062 δε

24 2095 133 2162 τοῦτον
149 2095 284 2182 μηδέπω
301 2091 414 2161 καῖ’
374 2120 515 2184 τημερον
528 2088 634 2181 ἔχοντ’
654 2089 795 2163 είπεῖν”
775 2121 793 2162 ο
804 2121 842 2168 ,τι
858 2087 875 2163 6
893 2109 970 2173 παῖς

20 2183 127 2284 ιΑγνίμ
150 2191 307 2282 προσήκει
330 2188 402 2262 κατ’
426 2188 630 2282 άγχιστείαν,
653 2222 685 2263 τι
681 2201 754 2263 ’ἔτι
774 2199 828 2263 δεῖ
847 2204 970 2283 μαθεῖν

23 2287 102 2380 ὑμᾶς
118 2287 139 2380 6
156 2321 188 2362 τι
182 2300 335 2364 ’ποθεῖτε
346 2289 485 2363 άκοῦσαι
496 2293 728 2384 περὶτούτων,
748 2292 867 2383 έγῶἐμ
868 2325 888 2364 ν
906 2292 969 2384 γάρ

25 2387 63 2472 ὡς
82 2384 120 2462 εῦ
136 2397 318 2482 φρονοῦσιν
334 2389 416 2483 ὑμῖν
433 2392 530 2464 ίκανά
546 2423 587 2464 τα
575 2391 760 2516 εἰρημένα
775 2403 905 2482 νομίζω.

95 2484 199 2574 Οῦτος
221 2502 336 2565 τοίνυν
360 2491 525 2586 ῥᾳδίως“
505 2522 571 2564 οτι
595 2489 637 2564 άυ
653 2493 736 2583 τάχη
753 2493 1020 2622 ψεμδόμευος,20

26 2592 124 2661 καὶ
88 2623 148 2682 την
167 2590 269 2666 αῦτου
258 2597 449 2684 πονηρίαν
464 2590 626 2683 οῦδεμίαν
644 2594 808 2682 ζημίαν
778 2622 863 2662 ειυαι
878 2599 969 2680 νομί-

27 2701 93 2816 ζων,
120 2699 222 2788 τολμᾷ
242 2723 283 2784 με
302 2692 497 2783 διαβάλλειν
515 2691 599 2762 άλλα
620 2721 656 2762 τε
678 2691 793 2781 πολλά,
821 2683 950 2783 περὶ
922 2721 970 2767 ων

28 2793 189 2886 ποιήσομαι
206 2793 283 2875 τοῦς
299 2794 417 2884 λόγους
433 2793 530 2884 τάχα,
555 2796 610 2864 καὶ
626 2822 705 2864 νυνι
694 2789 850 2881 λέγει“
826 2822 870 2875 ως
886 2795 969 2864 ἐκοι-

28 2894 194 2985 νωσάμεθα
217 2895 280 2984 έγά
296 2924 332 2965 τε
348 2899 404 2965 καὶ
420 2898 647 2986 Στρατοκλῆς,
669 2892 727 2965 τὸν
743 2890 857 2984 άγῦνα
874 2898 968 2966 εἰσιέ-

29 3022 74 3063 ναι
94 2999 169 3086 περὶ
192 2995 398 3088 606666900
421 2999 600 3124 μέλλοντες.
636 3025 654 3065 ο
672 3024 784 3085 μονοις
806 2991 886 3087 ἡμῖν
903 2999 970 3067 τῦυ

30 3089 237 3200 ἀμφισβητεῖν
253 3101 575 3188 παρεσκευασμένων
586 3093 647 3166 οῦκ
666 3099 760 3185 ἐνην,
779 3096 969 3186 διομολογή-

30 3210 139 3268 σασθαι
157 3195 238 3288 πρὸς
256 3195 425 3286 ἀλλήλους.
460 3201 504 3288 τῇ
520 3227 543 3286 μ
545 3198 581 3267 ἐν
597 3194 676 3318 γρὶρ
678 3194 889 3284 Εὐβουλίδου
906 3208 969 3265 θυ-
986 3213 1018 3263 21

29 3301 112 3416 γιμρὶ
128 3301 184 3367 καί
201 3326 241 3388 τη
229 3294 387 3421 Ἁγνίου
404 3300 500 3389 μητρὶ
511 3295 592 3388 πρός
607 3293 693 3386 ἡμᾶς
704 3293 968 3384 άγωνιζομέυαις,

30 3394 65 3483 μὴ
91 3397 170 3468 κατά
196 3395 296 3469 ταῦτὸ
328 3395 680 3488 άμφισβητοῦσαις,.’
663 3401 742 3485 ενὴν
768 3393 969 3482 ποιήσασθαι

31 3498 203 3588 συνθήκας,
222 3494 301 3587 606
321 3501 415 3591 ἑτέρα
424 3503 515 3592 νικᾷ,
534 3504 684 3588 μετεῖναί
697 3527 727 3566 τι
745 3498 800 3566 καὶ
818 3499 860 3587 06
874 3491 970 3604 ἡττη-
