2442 3948
32 3713 34 3790 λ

40 263 60 312 μ.
74 243 110 298 53.
165 246 253 297 11m>1
269 244 344 296 τον
363 243 637 297 Διευουεαονε
653 245 817 298 εεεεοω.
929 250 972 315 65

42 416 265 506 ἐξητατήθημεν
290 411 350 485 ὑπ’
378 411 506 503 αὐτόν,
533 405 560 485 ἀ
577 413 712 507 ἀνδρες·
731 415 809 488 ου”τε
826 415 889 507 γάρ
907 428 971 488 Δι·

42 521 186 606 καιομένης
211 513 251 588 τά
270 515 331 586 δύο
348 518 431 606 μέρη
447 510 528 605 ῆμῖν
545 519 609 586 τοῦ
624 516 748 608 κλήρου
765 519 971 608 παρέδωκεν,

42 612 216 706 ὁμολογήσας
251 619 304 687 ἐπὶ
337 620 398 686 τοῦ
423 622 653 707 δικαστηρίου,
689 615 767 688 οὔτε
791 615 971 708 Λεωχάρης

42 712 168 806 ὁμολογεῖ
184 717 409 806 ἐγγυήσασθαι
423 711 528 788 αότδν
539 715 622 788 τότε.
650 725 756 789 καίτοι
768 725 799 788 εί
815 715 860 808 μή
878 721 971 789 ἐναν·
988 741 1023 795 κο

41 825 95 886 τίον
116 820 172 908 μὲν
189 822 256 888 τεόν
274 819 456 906 δικαστῶν,
483 825 710 890 πεντακοσίων
726 816 850 906 ὄντων,
878 821 972 888 ἐναν-

41 925 95 986 τίον
117 921 150 988 δέ
173 923 239 989 τοῖν
265 915 525 1009 περιεστηκότων
550 915 706 1007 ἠγγυᾶτο,
732 916 795 990 αόκ
820 915 886 990 οἷδ’
905 915 972 989 ὅτι

42 1011 73 1086 ἀν
95 1023 243 1109 ἐποίησεν.
289 1014 334 1100 ὥς
359 1019 421 1107 μὲν
436 1026 553 1090 τοίνυν
569 1023 760 1109 περιφανῶς
777 1018 971 1108 ψεύδονται,

41 1117 180 1210 μάρτυρας
196 1116 278 1210 ὑμῖν
295 1117 507 1210 παρεχόμεθα
531 1117 609 1202 τοδς
634 1119 810 1211 παρόντας,
838 1116 892 1190 ὅτε
909 1133 970 1190 Δι-

42 1222 184 1309 καιογένης
207 1222 269 1311 μὲν
295 1216 454 1309 ἀφίστατο
480 1237 551 1290 τοῖν
570 1227 666 1291 δυοῖν
683 1236 799 1312 μεροῖν
817 1223 878 1291 τοῦ
893 1219 971 1308 κλή-

42 1345 88 1404 μου
109 1324 158 1390 καί
180 1317 341 1411 ὁμολόγει
364 1317 640 1411 ἀναμφισβήτητα
662 1319 875 1414 παραδώσειν
898 1336 971 1402 ταῖς

42 1425 249 1543 Δικαιογέυους
275 1419 454 1511 ἀδελφαῖς,
480 1421 657 1513 Λεωχάρης
681 1418 761 1492 δὲ’
741 1424 889 1511 ηγγυάτο
912 1417 971 1490 αὖ·

42 1514 85 1586 τδν
99 1516 310 1612 ἀόμολόγησε
328 1524 382 1591 καὶ
400 1519 558 1610 ποιήσειν
580 1521 724 1613 δεόμεθα
737 1524 775 1593 δὲ
791 1516 883 1592 καὶ“
863 1549 970 1611 υμων,

44 1643 62 1682 ω
54 1606 193 1712 ανδρες,
220 1634 254 1693 εῖ
268 1652 317 1703 τις
335 1621 492 1712 ἐτύγχανε
509 1650 625 1714 παρων
641 1622 730 1712 τότε,
757 1620 971 1744 ἀναμνησθῆ-

43 1728 132 1790 ναιεί
152 1727 287 1814 λέγομεν
313 1719 425 1810 ἀληθῆ
449 1725 504 1793 καὶ
530 1726 695 1811 βοηθῆσαι
712 1720 807 1812 ἡμῖν·
836 1727 923 1810 ἐπεί,
944 1712 971 1791 ἀ
987 1750 1021 1801 21

44 1812 153 1911 ἀνδρες,
180 1833 209 1894 εί
224 1827 446 1912 Δικαιογένης
463 1819 574 1911 ἀληθῆ
591 1827 695 1911 λέγει,
721 1830 757 1893 τί
770 1819 864 1913 ῆμείς
882 1818 969 1911 ἀφε-

44 1917 163 2007 λοόμεθα
177 1924 387 2013 νικήσαντες,
414 1918 435 2010 ῆ
452 1931 487 1994 τί
500 1951 597 2004 ουτος
615 1920 780 2012 ἐζημιοόθη
797 1918 969 2010 ῆττηθείςς

46 2023 66 2082 θ’
79 2019 137 2136 γὰρ
161 2021 284 2112 ἀπέστη
309 2023 412 2114 μόνον
431 2021 498 2113 (εἷς
524 2023 620 2113 φησι)
647 2039 719 2094 τοῖν
738 2029 836 2092 δυοῖν
853 2038 970 2113 μεροῖν

45 2122 225 2216 τοῦκλήρου,
245 2123 575 2214 ἀναμφισβήτηταδέ
590 2123 636 2215 μή
659 2126 663 2214 Ι
688 2119 848 2213 ὁμολόγει
865 2148 970 2214 παρα·

48 2216 159 2386 δήσειν,
177 2234 211 2297 τί
235 2229 403 2314 ἐζημιοῦτο
430 2221 649 2314 ἀφιστάμενος
675 2254 724 2296 ων
746 2222 844 2346 τιμήν
863 2223 968 2314 είχεν;

47 2312 91 2386 θῦδ
93 2350 105 2388 ε
125 2323 182 2417 γάρ
204 2329 289 2412 πρὶν
305 2321 489 2458 ἡττηθῆναι
506 2324 567 2414 τῆν
585 2332 682 2415 δίκην
706 2314 838 2414 εἶχεν
810 2353 859 2395 ων
875 2321 970 2414 ῆμεῖς

49 2419 227 2518 δικαζόμεθα,
246 2422 321 2496 ἀλλ’
349 2432 383 2496 οι
397 2424 486 2515 παρά
502 2454 622 2496 τουτου
648 2424 821 2516 πριάμενοι
838 2428 894 2494 καὶ
912 2427 969 2495 θέ-

48 2542 179 2612 λθοιμ
151 2523 197 2608 οις
223 2534 293 2598 ἔδει
319 2523 421 2597 αὐτόν
447 2523 614 2648 ἀποδόντα
638 2523 708 2613 τῆν
717 2522 814 2614 τιμήν
831 2520 914 2613 ἡμῖν
930 2521 971 2593 τά

49 2620 106 2742 ίὲργ
127 2622 313 2699 ἀποδουναι.
351 2624 407 2696 διά
432 2629 535 2747 ταγὶτα
559 2624 624 2748 γάρ
641 2627 696 2694 καὶ
714 2622 791 2702 τούς
810 2621 970 2744 ἐγγυητὰς
988 2651 1021 2700 22

51 2717 103 2808 καίν’
126 2723 220 2799 αὐτου
208 2726 416 2816 ἐλάβομεν,
443 2721 485 2795 οὗ
505 2723 714 2805 πιστεύοντες
740 2719 831 2817 αὐτῷ
848 2719 869 2792 ἀ
887 2751 970 2812 ωμο-

51 2814 138 2907 MAG&
153 2829 309 2918 ποιήσειν.
346 2823 434 2915 πλήν
449 2824 513 2918 γάρ
541 2831 637 2897 δυοῖν
654 2830 758 2895 οίκιδί
756 2852 808 2895 οιν
827 2827 888 2908 ἔξω
905 2832 969 2894 τεί-

53 2939 104 3000 ῖςθν
125 2931 174 2997 καὶ
199 2934 235 2999 ἐν
260 2934 375 3022 Πεδίμι
403 2925 560 3014 ἑξήκοντα
585 2929 741 3019 πλέθρων
758 2920 861 2996 οὐδὲν
878 2953 969 2996 κεκο-

53 3024 178 3117 λίῖμεθα,
204 3027 276 3100 ἀλλ’
304 3034 339 3099 οί
361 3025 449 3119 παρὰ
473 3027 592 3098 τούτου
608 3032 744 3116 θίμευοι
761 3028 817 3095 καὶ
834 3023 970 3115 πριαίμε-

54 3137 93 3185 λοι
113 3120 195 3214 ἡμεῖς
214 3127 244 3200 δ’
263 3127 325 3254 ράκ
339 3128 506 3222 ε’ξάγομεν
528 3125 711 3217 δέδιμεν
672 3155 735 3217 γαρ
752 3123 796 3216 μῆ
815 3123 971 3215 ὄφλωμεν

55 3215 126 3301 δίκας
157 3233 210 3300 καὶ
235 3229 298 3321 γάρ
323 3236 496 3317 Μικίωνα,
523 3227 715 3308 κελεύοντος
733 3230 971 3313 Δικαιογένους

56 3317 140 3382 Ἀλλ’
103 3348 270 3412 φασκοντος
288 3360 332 3421 μη
321 3328 565 3418 βεβαιώσειν,
594 3328 797 3417 ἐξάγοντες’
781 3355 816 3396 εκ
833 3353 893 3394 του
881 3328 970 3412 βα·

56 3417 154 3597 λαλέίογ
178 3428 328 3521 ωφλομεν
353 3428 591 3521 τετταράκοντα
616 3431 734 3522 μνάς
726 3423 781 3494 διά
797 3427 971 3514 Δικαιογὲ·

71 3539 147 3606 λλιω
136 3515 285 3623 ἀνδρες.
329 3527 506 3620 ήγοόμενοι
523 3527 585 3620 γάρ
602 3525 664 3598 οὐκ
681 3522 723 3597 ἀν
740 3521 841 3596 αὐτόν
858 3533 970 3613 βεβαι·
986 3541 1021 3594 2³

94 3632 184 3691 Ιειεοε.
798 3641 816 3699 5
