2510 3948
330 298 463 356 ΚΑΤΑ
487 295 864 355 ΚΤΗΣΙΦΩΝΤΟΣ.
1007 295 1066 358 191

13 483 83 537 236
199 455 321 536 Ἡδέως
333 454 364 522 δ’
381 451 423 522 ἀν
433 460 551 540 ἔγωγε,
574 445 795 540 άἏθηναίοι,
812 459 964 524 ἐναντίον
974 452 1068 543 ὑμῶν

111 556 388 644 ὁμολογησαίμην
405 551 489 636 πρὸς
504 549 565 619 τόν
580 553 756 636 γράψαντα
774 551 810 621 τὸ
822 555 990 642 ψήφισμα,
1013 552 1068 622 διά
1085 564 1135 619 629

112 662 216 736 ποίας
234 652 419 740 εὐεργεσίας
441 649 526 732 ἀξιοῖ
544 653 771 737 Δημοσθένην
792 651 1012 738 στεφαάαῑσαι.
1040 661 1070 723 εί

114 751 254 842 μὲνγὰρ
266 757 378 838 λέγεις,
387 751 472 844 ὅθεν
482 748 545 837 τὴν
555 748 660 836 άρχην
670 760 732 818 τοῦ
739 758 948 838 ψηφίσματος
956 755 1068 840 ἐποιή-

117 873 184 940 σω,
203 851 257 932 ,ότι
278 849 336 932 τάς
357 852 507 936 τάφρους
527 847 586 929 τὰς
607 854 681 935 περὶ
701 848 741 918 τά
763 858 850 939 τείχη
868 861 978 932 καλοῖς
994 853 1069 921 ἐτά-

119 971 263 1040 φρευσε,
285 949 446 1036 θαυμάζω
463 967 535 1029 σου.
558 957 620 1016 τοῦ
635 947 700 1034 γάρ
717 947 811 1017 ταῦτ’
830 953 1070 1038 ἐξεργασθῆναι

117 1058 227 1130 καλῶς
237 1047 274 1118 τό
286 1056 488 1135 γεγενῆσθαι
498 1047 627 1120 τούτων
645 1057 750 1118 αίτιον
762 1055 858 1136 μείζω
869 1062 1070 1138 κατηγορίαν

118 1157 198 1237 ἔχει·
223 1147 264 1218 οά
281 1148 346 1235 γάρ
363 1146 676 1234 περιχαρακώσαντα
690 1146 751 1235 χρὴ
767 1149 807 1217 τά
825 1159 911 1238 τείχη
924 1150 1002 1219 οὐδὲ
1013 1149 1071 1230 τάς

121 1255 279 1336 δημοσίας
296 1245 403 1334 ταφάς
414 1244 576 1316 ἀνελόντα
586 1249 645 1316 τόν
661 1246 774 1332 ὀρθάς
791 1254 1067 1338 πεπολιτευμένον
1086 1265 1132 1321 63]

121 1346 375 1436 δωρεάςαίτεῖν,
397 1345 472 1414 ἀλλ’
484 1344 617 1432 ἀγαθοῦ
628 1373 718 1426 τινος
728 1353 835 1416 αίτιον
845 1352 1067 1435 γεγενημένον
1087 1367 1137 1423 632

31 1465 96 1520 23⁷
118 1457 161 1536 τῇ
177 1448 281 1516 πόλει.
303 1453 333 1514 εί
351 1447 386 1514 δὲ
402 1445 489 1532 ἥξεις
504 1449 558 1514 ἐπὶ
568 1443 605 1513 τό
617 1445 776 1532 δεύτερον
786 1447 884 1532 μέρος
895 1455 956 1514 τοῦ
965 1454 1071 1533 ψηφί-

121 1570 253 1633 σματος,
265 1547 302 1612 ἐν
313 1535 342 1634 ᾦ
353 1543 554 1630 τετόλμηκας
563 1544 720 1629 γράφειν,
733 1542 778 1625 άς
787 1550 876 1614 ἔστιν
888 1543 974 1632 ἀνὴρ
987 1545 1070 1629 ἀγα-

118 1644 184 1726 θός
195 1647 250 1714 καὶ
266 1649 408 1712 διατελεῖ
422 1645 528 1728 λέγων
544 1645 599 1710 καὶ
610 1644 762 1728 πράττων
773 1644 812 1712 τά
825 1644 943 1732 ἀριστα
954 1653 1000 1735 τῷ
1010 1644 1070 1730 δη-

119 1773 172 1836 μρ
190 1753 258 1813 τόν
271 1742 474 1828 Ἀθηναίων,
497 1739 633 1826 ἀφελάν
650 1741 709 1827 τὴν
725 1741 917 1822 ἀλαζονείαν
934 1746 990 1813 καὶ
1011 1742 1072 1811 τόν

119 1845 253 1930 κόμπον
270 1848 331 1910 τοῦ
347 1847 556 1926 ψηφίσματος
573 1838 656 1920 άψαι
671 1848 738 1907 τοῖν
762 1846 885 1926 ἔργων,
911 1845 1071 1920 ἐπίδειξον

120 1941 203 2028 ἡμῖν
214 1939 235 2008 ὅ
245 1966 277 2008 τι
286 1944 398 2024 λέγεις.
410 1938 468 2018 τάς
479 1940 541 2024 μὲν
550 1937 615 2024 γάρ
626 1941 701 2021 περὶ
717 1938 797 2019 τοάς
808 1939 1006 2028 Ἀμφισσίας
1016 1943 1070 2008 καὶ

120 2036 201 2117 τούς
220 2035 354 2124 Εὐβοᾶς
392 2040 593 2120 δωροδοκίας
614 2043 821 2120 παραλείπω·
854 2036 936 2106 όταν
957 2037 993 2106 δὲ
1014 2046 1071 2124 τῆς

121 2137 205 2224 πρὸς
220 2145 387 2227 Θηβαίους
404 2145 586 2226 συμμαχίας
604 2135 661 2217 τάς
671 2145 774 2218 αίτίας
782 2137 944 2226 ἀνατιθῇς
953 2146 1070 2223 Δημο-

124 2241 249 2323 σθένει,
260 2235 339 2316 τοὺς
345 2237 406 2324 μὲν
412 2235 617 2324 ἀγνοοῦντας
623 2239 793 2327 ἐξαπατᾷς,
805 2235 885 2316 τούς
896 2235 927 2304 δ’
942 2237 1071 2316 είδότας

123 2337 178 2404 καί
189 2339 453 2421 αίσθανομίνους
465 2333 614 2424 ὑβριῗεις.
643 2332 778 2421 ἀφελῶν
793 2333 857 2419 γάρ
875 2334 936 2420 τόν
951 2335 1072 2416 καιρόν

124 2431 248 2519 καλτὴν
259 2431 581 2520 δόξαντηντοάτωυ,
604 2432 641 2501 δι’
659 2431 702 2520 ἣν
713 2436 841 2515 ἐγένετο
858 2430 1068 2517 ἡσυμμαχία,

124 2541 186 2601 οίει
197 2530 379 2600 λανθάνειν
395 2528 481 2616 ἡμᾶς
493 2529 530 2598 τό
543 2538 601 2616 τῆς
614 2531 741 2607 πόλεως
751 2527 877 2614 ἀξίωμα
887 2529 1070 2614 Δημοσθέ-

54 2647 107 2702 ‘238
123 2656 175 2698 νει
185 2636 371 2715 περιτιθείς.
383 2625 499 2714 ἡλίκον
510 2625 540 2693 δ’
555 2624 663 2695 ἐστλτὸ
672 2625 879 2710 ἀλαζόνευμα
886 2633 997 2709 τοῦτο,
1004 2622 1067 2708 ἐγώ

124 2730 321 2815 πειράσομαι
331 2728 462 2817 μεγάλῳ
470 2733 592 2814 σημείῳ
604 2725 740 2804 διδάξαι.
754 2721 847 2809 ὀγάρ
856 2731 1073 2807 τῶνΠερσαῑν

124 2825 280 2916 βασιλεὺς
292 2825 333 2894 οὐ
344 2833 454 2917 πολλῷ
465 2825 630 2911 πρότερον
640 2824 748 2913 χρόνῳ
766 2819 831 2907 πρὸ
849 2830 907 2909 τῆς
919 2819 1071 2902 Ἀλεξάν-

126 2931 210 3011 δρου
222 2927 402 3014 διαβάσεως
413 2932 459 3006 είς
471 2923 533 3012 την
541 2923 651 2993 Ἀσίαν
661 2927 845 3010 κατέπεμψε
855 2932 900 3015 τῷ
912 2923 1005 3012 δήμω
1017 2925 1073 2988 καὶ

124 3027 212 3112 μάλα
224 3023 418 3113 ὑβριστικὴν
427 3029 482 3094 καλ
492 3026 665 3113 βάρβαρον
675 3021 867 3110 ἐπιστολὴν,
889 3025 926 3090 ἐν
942 3013 967 3108 ᾗ
981 3018 1021 3086 τά
1038 3044 1073 3087 τε

125 3121 166 3210 δὴ
180 3123 263 3194 άλλα
275 3126 329 3190 καὶ
338 3122 418 3210 μάλ’
431 3123 634 3203 ἀπαιδεύτως
645 3126 815 3210 διελέχθη,
830 3122 886 3189 καὶ
899 3120 950 3188 ἐπὶ
961 3127 1075 3187 τελευ-

124 3233 182 3310 τῆς
198 3227 379 3310 ἀνέγραψεν
397 3225 433 3290 ίν
450 3229 491 3310 τῇ
508 3226 677 3308 ἐπιστολῇ,
700 3218 825 3306 ,,ίγά“
842 3219 945 3304 φησὶν
962 3213 1070 3302 ,ὑμῖν
1089 3231 1141 3286 633

124 3331 264 3412 χρυσίον
281 3321 322 3393 οὐ
340 3322 521 3408 δόσω·’μη’
537 3347 577 3408 με
594 3326 724 3388 αίτείτε·
748 3315 790 3387 οά
804 3314 869 3402 γάρ
891 3315 1072 3402 λήψεσθε.“

59 3440 109 3496 2³9
126 3415 225 3504 οὗτος
241 3417 387 3509 μίντοιὸ
413 3418 512 3500 αὐτὸς
535 3420 796 3505 ἐγκαταληφθεὶς
817 3413 884 3485 ὑπό
906 3421 974 3482 τῶν
997 3413 1074 3480 νυνὶ

127 3523 304 3608 παρόντων
314 3517 406 3608 αὐτῷ
415 3518 600 3603 κινδύνων,
612 3514 675 3586 οὐκ
684 3515 869 3586 α’ίτούντων
876 3510 1075 3600 Ἀθηναίων,
