2510 3948
335 249 467 307 ΚΑΤΑ
488 247 871 307 ΚΤΗΣΙΦΩΝΤΟΣ.
1010 245 1072 310 135

121 419 224 494 λους,
238 406 427 494 οδςίλοβευ
439 407 476 475 ’ἐν
487 414 528 494 τῇ
541 403 707 524 ὀρχήστρᾳ
720 406 860 494 χορηγός
873 403 939 494 δν,
960 409 1015 476 καὶ
1029 405 1073 488 ὡς

122 501 1073 620 ἀπέδοτοτριάκονταμνωνάματηντεείςαύτδνύβρινκαλ

120 609 253 694 τηυτού
264 605 371 693 δήμου
380 595 713 688 καταχειροτονίαν,“
691 627 736 688 ην
745 603 782 670 ἐν
790 602 965 683 Διονύσου
974 628 1073 671 κατε-

66 727 105 780 53
122 703 443 792 χειροτόυηοεΜειδί
441 725 490 768 ου.
504 691 1073 784 ταύταμὲνούνμοιδοκῶκαὶτάλλα

120 801 162 871 τά
179 802 309 879 τούτοις
324 799 423 886 ὅμοια
441 795 708 885 ὑπερβήσεσθαι,
731 823 772 865 ου
762 795 1003 883 ’προδιδούς
986 805 1073 884 υμάς

113 899 719 986 ούδὲτόνἀγάνακαταχαριζύμενος,
737 896 811 967 ἀλλ’
824 903 930 970 ἐκεῖνο
943 899 1070 986 φοβού-

121 1025 231 1088 μενος,
243 1026 288 1087 μη
298 1025 355 1085 μοι
365 1021 433 1082 παρ
455 995 554 1083 υμων
564 995 738 1085 απαυτηση
748 1023 784 1066 το
775 997 909 1068 δοκεῖν
919 1002 981 1086 μὲν
992 998 1073 1086 αλη

120 1109 170 1186 θη
182 1101 300 1192 λέγειν,
313 1094 431 1182 ἀρχαῖα
442 1095 480 1164 δὲ
488 1097 543 1163 καί
556 1102 632 1163 λίαν
642 1094 901 1188 ὁμολογούμενα.
916 1091 1073 1183 καίτοι,τά

121 1193 367 1288 Κτησιφῶν,”
345 1221 413 1284 οτφ
429 1219 469 1262 τα
461 1193 623 1280 μέγιστα
640 1203 709 1262 τῶν
725 1222 746 1262 α
748 1200 870 1282 ίτχριὸυ
888 1196 994 1280 οὕτως
1005 1199 1073 1266 ἐστὶ

122 1295 222 1364 πιστά
239 1299 294 1364 και
304 1320 454 1382 γυωριμα
463 1306 532 1372 τοῖς
542 1289 741 1377 ακουουσιν,
765 1291 1073 1379 ἀστετδυκατήγο-

122 1420 186 1480 ρον
207 1392 251 1480 μὴ
274 1399 385 1462 δοκεῖν
406 1396 512 1478 ψευδῆ
534 1393 658 1477 λέγειν,
681 1389 765 1460 ἀλλά
786 1390 909 1460 παλαιά
925 1394 1033 1460 καὶί
997 1397 1033 1460 λί
1031 1417 1074 1459 αν

123 1493 442 1578 προωμολογημένα,
465 1489 588 1573 πότερα
605 1485 710 1557 αύτδυ
726 1493 779 1558 δεῖ
787 1497 902 1578 χρυσῷ
919 1491 1072 1580 στεφάνφ

123 1593 384 1674 στεφανωθῆναι
401 1583 423 1671 6
440 1589 617 1670 ψίγεσθαις
638 1589 693 1654 καί
703 1587 810 1657 σὲτδν
822 1594 930 1676 ψευδῆ
942 1591 997 1658 καὶ
1008 1614 1074 1656 τια-

122 1688 254 1774 ράνομα
271 1691 443 1772 τολμῶντα
458 1684 603 1769 γράφειν
620 1685 743 1770 πότερα
764 1685 825 1774 χρὴ
849 1699 1073 1774 καταφρονεῖν

120 1794 193 1854 τῶν
204 1778 457 1870 δικαστηρίωνῆ
470 1786 566 1867 δίκην
577 1789 617 1869 τῇ
626 1781 722 1850 πόλει
733 1785 878 1866 διδάναις

65 1897 104 1952 54
208 1883 292 1967 Περὶ
315 1880 352 1949 δὲ
373 1887 441 1948 τάν
459 1883 627 1965 δημοσίων
644 1878 855 1966 ’ἀδικημάτων
876 1882 1074 1966 πειράσομαι

122 1983 331 2066 σαφέστερον
348 1983 460 2046 εἰπεῖν.
484 1979 538 2044 καὶ
554 1973 618 2062 γάρ
631 1978 847 2064 πυνθάνομαι
857 1983 989 2066 μέλλειν
1002 1987 1076 2064 Δη-
1090 1993 1144 2048 442

123 2079 312 2166 μοοθένην,
325 2073 460 2144 ἐπειδάν
470 2072 611 2152 αύτοῖςὸ
622 2075 721 2161 λόγος
732 2074 898 2166 ἀποδοθῇ,
910 2087 1074 2165 καταριθ-

124 2185 259 2262 μεῖσθαι
277 2173 360 2259 πρὸς
377 2172 480 2260 ὑμᾶς,
500 2170 545 2252 69
556 2172 621 2260 ἀρα
631 2182 672 2262 τῇ
680 2173 774 2243 πόλει
784 2181 933 2264 τέτταρες
942 2177 1005 2266 ἤδη
1017 2203 1074 2264 γε-

123 2275 278 2358 γένηνται
300 2273 426 2359 καιροὶ,
450 2274 487 2338 ἐν
502 2264 553 2349 οἷς1
568 2268 668 2351 αύτδς
686 2280 922 2343 πεπολίτευται.
946 2267 996 2344 ἀν
1014 2278 1074 2344 ἕνα

126 2373 188 2458 μὲν
198 2370 254 2438 καὶ
267 2377 417 2456 πρῶτον,
429 2365 473 2448 69
484 2375 586 2456 ἔγωγε
597 2369 725 2458 ἀκούω,
739 2379 980 2458 καταλογίζεται
990 2377 1075 2440 ἐκεῖ-

124 2495 188 2537 νον
203 2467 264 2536 τδν
278 2468 419 2554 χρόνον,
440 2470 478 2534 ἐν
497 2459 523 2556 ᾦ
541 2466 623 2554 πρὸς
640 2475 806 2536 Φίλιππον
820 2465 1075 2554 ύιτὲρἎμφιπό-

125 2577 208 2645 λεως
219 2570 460 2652 ἐπολεμοῦμεν·
481 2576 601 2634 τοῦτον
614 2565 648 2633 δ’
664 2565 853 2652 ἀφορίζεται
862 2573 904 2655 τῇ
913 2571 1074 2658 γενομένη

126 2665 241 2754 είρηνη
262 2668 318 2733 καί
341 2669 523 2752 συμμαχίᾳ,
550 2662 592 2750 ἣν
615 2665 820 2750 Φιλοκράτης
842 2662 859 2732 ὁ
880 2662 1076 2750 Ἁγνούσιος

126 2773 250 2852 ἔγραψε
268 2767 323 2832 καί
339 2761 440 2844 αύτός
458 2757 556 2844 οὗτος
572 2762 643 2850 μετ’
661 2763 807 2851 ἐκείνου,
832 2761 876 2844 69
890 2763 955 2850 ἐγώ
969 2769 1073 2846 δείξω.

74 2885 109 2938 55
126 2863 333 2951 δεύτερονδί
338 2884 421 2950 φησι
428 2865 586 2950 γενέσθαι
595 2859 637 2930 δν
646 2859 771 2950 ἤγομεν
779 2861 902 2950 χρόνον
913 2862 974 2950 την
985 2862 1076 2949 εἰρή-

123 2985 206 3050 νην,
223 2961 376 3048 δηλονότι
387 2967 479 3050 μέχρι
488 2967 546 3048 τῆς
556 2957 679 3048 ἡμέρας
689 2963 829 3050 ἐκείνης,
848 2964 884 3030 ἐν
895 2952 918 3050 ᾗ
931 2958 1078 3029 καταλύ-
1241 2967 1242 3062 6

127 3081 188 3139 σας
205 3058 266 3146 την
283 3055 500 3145 ὑπάρχουσαν
516 3059 653 3146 εἰρήνην
669 3087 710 3148 τη
695 3058 852 3129 πόλει“
838 3056 968 3137 οαύτδς
979 3050 1078 3136 οὗτος
1241 3065 1242 3084 ³

126 3157 237 3244 ῥητωρ
249 3156 415 3244 ἔγραφε
382 3183 442 3226 του
452 3157 612 3244 πολεμου
633 3164 744 3243 τρίτον
755 3155 819 3225 δὲ
800 3184 840 3226 ον
851 3156 1077 3262 ἐπολεμουμεν
1241 3151 1242 3242 6

127 3256 251 3342 χρόνον
267 3257 361 3343 μέχρι
376 3264 434 3342 τῆς
447 3253 631 3342 ἀτυχίας
589 3283 648 3344 της
659 3261 702 3325 ἐν
706 3261 909 3345 Χαιρωνεία,
921 3241 1091 3340 τέταρτον
1153 3267 1172 3302 ⁸

128 3351 217 3422 δὲ
181 3380 243 3422 τον
261 3361 326 3422 νύν
343 3353 491 3439 παρόντα
507 3355 637 3441 καιρόν.
660 3361 763 3421 ταῦτα
780 3351 846 3421 δέκ
827 3350 1079 3438 καταριθμηοά-
1094 3371 1149 3428 443

126 3477 238 3538 μενος,
252 3478 297 3531 ως
305 3450 438 3535 ἀκούω,
450 3456 560 3538 μέλλει
570 3478 610 3539 με
620 3460 824 3537 παρακαλεῖν
834 3453 914 3519 καῖ’
899 3459 1077 3538 επερωτάυ,
