2510 3948
207 279 269 346 1⁷8
556 285 812 344 ΑΙΣΧΙΝΟΤ

206 441 272 530 γάρ
290 466 358 529 τοι,
380 437 424 522 ὥς
441 440 504 529 ἐγό
523 450 585 511 τοῦ
602 443 727 527 πατρὸς
738 452 801 511 τοῦ
811 446 956 530 ἐμαυτοῦ
966 443 1158 513 ἐπυνθανό-

206 565 290 627 μην,
313 537 350 620 ὃς
366 545 421 627 ἔτη
437 540 533 628 βιοὺς
549 542 749 629 ἐνενήκοντα
761 544 816 610 καὶ
826 545 925 610 πέντε
934 542 1156 630 ἐτελεύτησεν,

206 636 366 709 ἁπάντων
376 637 548 728 μετασχοὶν
558 647 626 709 τόν
637 639 803 728 πόνωντῇ
813 641 924 726 πόλει,
947 635 986 719 ός
1003 639 1157 718 πολλάκις

207 736 292 828 πρός
309 739 365 827 ἐμὲ
382 738 502 827 όιεξῄει
513 741 565 808 ἐπὶ
576 748 704 827 σχολῆς.
719 745 783 825 ἒφη
794 735 876 824 γάρ,
898 735 955 806 όνε
966 735 1087 822 άρτίος
1097 763 1155 804 κα-

208 837 386 926 τεληλύθει
403 833 421 905 6
441 841 563 926 δῆμος,
588 847 621 906 εί
631 863 681 916 τις
697 843 793 910 εἰσίοι
808 835 942 922 γραφὴν
953 836 1155 921 παρανόμων

136 957 189 1014 ςςι
209 941 256 1014 είς
274 936 504 1022 δικαστήριον,
526 933 610 1004 εἶναι
626 933 745 1021 ὅμοιον
760 932 798 1004 τό
816 934 922 1021 ὄνομα
931 937 987 1002 καλ
998 932 1038 1001 τό
1052 940 1153 1020 ἔργον.

207 1041 241 1100 τί
255 1033 320 1118 γάρ
341 1035 432 1100 ἐστιν
449 1031 671 1119 άνοσιότερον
681 1031 805 1116 άνόρός
816 1032 994 1118 παράνομα
1004 1036 1155 1117 λέγοντος

140 1149 189 1208 ³8²
208 1135 264 1200 καὶ
274 1133 495 1219 πράττοντοςς
506 1136 561 1202 καὶ
572 1129 635 1219 τὴν
646 1131 823 1218 ἀκρόασιν,
848 1129 893 1210 ὥς
909 1133 1036 1208 ἐκεῖνος
1049 1129 1151 1217 άπήγ-
1168 1139 1212 1193 192

207 1239 339 1318 γελλεν,
365 1229 407 1299 οὐ
424 1230 483 1301 τόν
498 1230 601 1300 αὐτόν
617 1231 744 1316 τρόπον
754 1233 944 1315 ἐποιοῦντο,
968 1228 1077 1312 ὥσπερ
1087 1238 1154 1296 νῦν
1235 1259 1236 1300 ι

205 1337 361 1416 γίγνεται,
374 1326 449 1398 ἀλλ’
458 1322 548 1416 Ιἦσαν
558 1325 644 1397 πολι)
653 1327 872 1416 χαλεπώτεροι
883 1331 918 1394 oc
928 1328 1072 1396 δικασταὶ
1082 1339 1152 1404 τοῖς

207 1429 246 1495 τά
265 1429 442 1514 παράνομα
457 1428 648 1514 γράφουσιν
668 1425 850 1495 αὐτοῦτοῦ
871 1423 1077 1512 κατηγόρου,
1099 1426 1154 1492 καὶ

207 1525 364 1605 πολλάκις
374 1525 571 1604 ἀνεπόδιζον
581 1523 641 1592 τόν
653 1527 841 1612 γραμματέα
857 1525 913 1591 καλ
924 1523 1078 1590 ἐκέλευον
1089 1521 1154 1589 πά-
1235 1533 1236 1606 6

206 1632 259 1693 λιν
273 1621 537 1707 ἀναγιγνώσκειν
550 1620 628 1701 τούς
641 1624 766 1709 νόμους
783 1625 838 1690 καλ
854 1620 890 1689 τό
907 1622 1082 1708 ψήφισμα,
1105 1623 1157 1689 καὶ
1235 1613 1236 1704 J

205 1721 380 1810 ἡλίσκοντο
392 1725 427 1790 ολ
435 1721 611 1810 παράνομα
622 1723 821 1808 γράφοντες,
841 1718 903 1788 οὐκ
914 1725 943 1787 εί
953 1719 1083 1799 πάντας
1094 1745 1158 1787 ιτα-

206 1825 433 1912 ραπηόησειαν
442 1849 522 1903 τους
533 1849 675 1910 νομονς,
698 1819 770 1890 ἀλλ’
784 1827 815 1889 εἰ
824 1828 903 1908 μιαν
912 1847 1021 1906 μονον
1033 1828 1157 1888 συλλα-
1235 1825 1236 1892 ἶ

205 1922 272 2012 666
297 1922 548 2034 παραλλάξειαν.
579 1919 677 1990 τοόὲ
695 1922 773 1988 νυνὶ
796 1920 996 2039 γιγνόμενον
1018 1927 1155 2006 πρᾶγμα

206 2003 539 2107 υπερκαταγελαστον
548 2023 650 2088 ἐστιν
651 2013 812 2104 ομλν
772 2043 837 2104 γαρ
849 2043 1060 2104 γραμματενς
1069 2044 1156 2085 ανα

204 2117 383 2202 γιγνώσκει
396 2116 433 2182 τό
446 2117 701 2203 παράνομον,ο
682 2118 716 2182 οἱ
730 2114 972 2183 όὲόικασταλ“
944 2135 1053 2200 ωσπερ
1064 2117 1157 2181 ἐπω-

206 2208 307 2300 όην”
285 2239 306 2299 η
326 2210 502 2295 ἀλλότριόν
517 2237 548 2279 τι
566 2221 700 2298 πρᾶγμα
722 2210 930 2299 άκροόμενοι
948 2209 1036 2298 πρός
1056 2213 1155 2302 ἕτέρφ

207 2308 324 2382 τινὶ
289 2338 351 2400 την
366 2308 503 2397 γνώμην
519 2313 659 2395 ἔχουσιν
682 2307 746 2397 666
765 2308 798 2376 6'
815 2312 851 2377 ἐκ
869 2316 938 2378 τόν
949 2318 1077 2396 τεχνῶν
1088 2317 1157 2378 τεόν
1175 2293 1236 2376 1936

136 2423 188 2479 ⁶66
186 2411 448 2503 Δημοσθένους
466 2405 602 2529 αἰσηρὸν
618 2412 698 2486 ἔθος
715 2411 752 2476 ἐν
768 2422 835 2488 τοῖς
851 2413 1074 2527 δικαστηρίοις
1092 2434 1156 2476 πα-
1235 2415 1236 2422 ’

206 2511 394 2595 ραόέχεσθε.
415 2509 647 2595 μετενήνεκται
663 2505 726 2592 γάρ
743 2503 824 2593 ὑμίν
839 2505 880 2573 τά
896 2515 953 2593 της
964 2507 1096 2586 πόλεως
1107 2510 1159 2576 όί-
1235 2507 1236 2516 ’

207 2633 299 2676 καια·
322 2604 462 2693 ομὲν
423 2632 487 2692 γαρ
498 2630 680 2692 κατηγορος
690 2603 914 2690 απολογεϊται,
937 2601 1158 2690 ὁδὲφεόγων

206 2705 268 2794 τὴν
285 2703 420 2792 γραφὴν
436 2717 627 2791 κατηγορεῖ,
648 2707 682 2770 oc
697 2702 732 2771 δὲ
750 2707 900 2771 δικασταὶ
915 2691 1063 2770 ἐνίοτε
1033 2728 1084 2769 ων
1094 2706 1159 2788 μέν

207 2814 270 2873 ελσι
287 2805 393 2886 κριταὶ
408 2802 703 2887 ἐπιλανθάνονται,
725 2793 774 2869 ὦν
792 2798 823 2871 6’
843 2800 906 2870 οόκ
916 2807 948 2870 εί
934 2803 980 2870 ίσλ
992 2805 1157 2887 δικασταὶ,

205 2902 279 2988 περὶ
289 2924 418 2969 τουτων
429 2895 713 2985 αναγκαζονται
677 2923 738 2984 την
749 2905 865 2986 ψηφον
876 2904 1000 2984 φερειν
1016 2901 1105 2982 λεγει
1117 2899 1159 2966 δὲ

205 2999 388 3086 όφεόγων,
410 2991 454 3066 όν
465 2996 530 3084 άρα
546 2995 629 3064 ποθ’
646 2995 768 3084 ἅψηται
781 3003 844 3064 τοῦ
860 2996 1066 3083 πράγματος,
1092 2991 1159 3079 οὐχ

205 3094 248 3177 ὡς
259 3102 383 3184 ἔννομα
399 3097 581 3183 γέγραφεν,
596 3088 678 3162 Ιἀλλ’
698 3090 741 3174 ὡς
758 3093 821 3182 666
832 3099 911 3162 ποτὲ
921 3095 977 3162 καὶ
987 3094 1159 3178 πρότερον

205 3199 315 3284 ἕτερος
325 3205 460 3266 τοιαῦτα
470 3195 600 3281 γράψας
609 3191 790 3281 άπέφυγεν.
808 3194 864 3282 ἐφ’
877 3188 970 3287 ᾦκαλ
981 3196 1059 3264 νυνὶ
1070 3199 1160 3281 μέγα

203 3307 343 3384 φρονεῖν
359 3292 469 3363 όκοόω
486 3300 715 3380 Κτησιφῶντα.
739 3293 859 3381 ἐτόλμα
875 3292 907 3362 6’
926 3298 963 3363 ἐν
978 3292 1061 3382 ὑμῖν
1071 3319 1157 3362 ποτε
1175 3306 1218 3362 194

204 3393 432 3479 σεμνύνεσθαι
445 3391 648 3479 Ἀριστοφῶν
665 3394 788 3471 ἐκεῖνος
810 3391 827 3459 ό
847 3391 1012 3478 Ἀζηνιεύς
1032 3393 1158 3477 λέγων,

203 3485 255 3550 ότι
276 3487 407 3570 γραφὰς
431 3491 637 3575 παρανόμων
657 3493 824 3575 πέφευγεν
846 3491 1074 3576 ἑβδομήκοντα
1098 3493 1157 3559 καλ
