2442 3948
80 292 106 344 p.
125 273 169 326 ιο.
231 275 319 326 ΠΕΡΙ
334 273 411 325 σου
429 273 704 325 Διωουεαουε
720 273 883 325 mmor.
997 279 1037 340 59

152 444 310 536 Ὠιόμεθοι
325 449 403 536 μέν,
432 435 459 515 ιδ
483 443 619 537 ἄνδρες,
647 435 776 537 περὶ
749 474 797 516 ων
814 443 1039 564 διεφερόμεθα

80 547 168 650 πρὸς
188 551 426 670 Δικαιογένην,
458 576 498 617 τα
524 542 757 670 ωμολαγημένα
783 549 836 616 ἐπὶ
860 574 921 618 του
948 553 1038 618 δικα-

79 656 218 740 στηρίου
247 647 347 737 κόρια
372 643 452 736 ἡμῖν
478 654 627 718 ἔσεσθαι
660 644 860 727 ἀποστάντος
891 643 953 737 γὰρ
978 658 1038 718 Δι-

79 754 272 838 καιογένους
288 764 359 818 τοῖν
377 753 474 817 δυοῖν
480 764 613 869 μεροῖν
629 776 688 818 του
676 745 845 838 κλήρου,
872 751 927 816 καὶ
946 751 1039 865 ἐγγυ-

78 848 156 938 ητόις
170 847 445 978 καταστήσαντος
470 838 574 938 ήμήν
599 847 808 938 παραδώσειν
833 842 912 936 ἡμῖν
937 875 1039 918 ταυτα

79 949 219 1072 τὰμέρη
236 945 555 1038 ιἰναμφισβήτητα,’
535 947 709 1039 αφήκαμεν
726 945 887 1037 ἀλλήλους
903 951 971 1018 τῶν
989 952 1038 1036 ἐγ-

81 1049 269 1140 κλημάτων
298 1046 411 1138 ἐπειδή
429 1051 481 1137 δέ,
500 1077 526 1118 ω
516 1039 680 1140 ανδρες,
706 1077 747 1120 ου
764 1065 853 1120 ποιεῖ
868 1051 1039 1137 Δικαιογέ-

81 1179 137 1238 νης
154 1147 176 1220 δι
170 1145 400 1240 ὡμολόγησε,
429 1147 626 1240 δικαζόμεθα
643 1148 845 1239 Λεωχάρειέ
844 1151 972 1239 γγυητή
987 1177 1039 1238 γε·

81 1254 209 1344 νομένω
227 1252 480 1338 Δικαιογένους,
504 1246 614 1341 ὥσπερ
631 1246 873 1340 ἆντωμόσαμεν.
902 1257 971 1319 Καί
984 1277 1040 1338 μοι
1056 1274 1073 1324 2

79 1347 252 1438 ἀνάγνωθι
269 1347 330 1438 τήν
347 1347 563 1439 ἄντωμοσίαν.

446 1513 670 1566 ΑΝἸὯΜΟΣΙΑ.

148 1651 206 1736 Ὡς
222 1661 338 1725 τοίνυν
355 1650 465 1743 ἆληθή
479 1651 725 1745 ἆντωμόσαμεν,
742 1653 969 1744 Κηφισόδοτος
985 1649 1040 1723 οὑ-

80 1757 148 1825 τοσὶ
176 1754 266 1844 οἶδε,
300 1758 354 1826 καλ
379 1753 546 1845 μάρτυρας
571 1749 652 1843 ὑμῖν
677 1753 885 1845 παρεξόμεθα
910 1757 1041 1843 πρῶτον

79 1857 139 1943 μὲν
164 1851 212 1936 ὦς
234 1851 359 1944 ἆτιέστη
384 1856 602 1942 Δικαιογένης
627 1850 707 1943 ἡμῖν
723 1871 795 1924 τοῖν
814 1860 910 1925 δυοῖν
927 1870 1041 1943 μεροῖν

79 1959 139 2025 του
154 1953 298 2046 κλήρου,
326 1954 397 2024 εἶτα
415 1949 459 2036 ὥς
477 1951 664 2043 ἠγγυήσατο
681 1952 866 2044 Λεωχάρης.
902 1961 972 2023 Καί
986 1980 1042 2041 μοι

80 2051 253 2145 ἀνάγνωθι
268 2053 330 2144 τήν
347 2062 538 2147 μαρτυρίαν.

462 2220 656 2270 ΜΑΡΤΤΡΙΑ.

160 2363 236 2430 Τῶν
253 2360 314 2448 μευ
330 2357 508 2449 μαρτύρων
525 2355 701 2447 ἀκηκόατε,
719 2362 775 2428 καὶ
794 2353 838 2440 τός
855 2355 896 2428 οὐ
913 2354 1042 2443 τᾶληθή
1059 2383 1075 2434 3

82 2458 385 2550 μεμαρτυρήκασιν,
411 2454 487 2528 οὐδ’
515 2453 557 2528 ἂν
574 2456 676 2528 αὐτόν
693 2458 783 2547 οἶμαι
801 2456 980 2546 Λεωχάρην
999 2463 1042 2526 εῖ-

83 2576 170 2630 πεῖν
200 2569 278 2640 ἴσως
307 2561 344 2628 δε
370 2556 421 2627 ἐτ’
451 2561 518 2627 ἐκεῖ
505 2574 579 2629 ῖνου
603 2555 813 2649 τρέψεται
780 2587 838 2628 του
855 2556 970 2644 λόγον,
998 2551 1043 2635 τός

84 2661 298 2748 Δικαιογένης
314 2685 350 2728 τε
368 2687 388 2726 α
405 2652 484 2745 ἡμῖν
502 2653 746 2780 ωμολόγησεν”
726 2683 854 2728 ατιαντα
871 2661 1042 2743 πεποίηκε,

84 2763 135 2829 καὶ
152 2756 251 2840 αὐτὸς
276 2757 338 2846 τήν
356 2752 557 2845 ἑξεγγυην“
539 2785 588 2825 οτι
605 2753 784 2828 ἀπέδωκεν.
822 2746 910 2826 εἰ
867 2785 931 2827 ουν
947 2751 1055 2824 ταυτ’

85 2862 165 2950 ἐρεῖ,
193 2858 349 2944 ψεύσεται
367 2860 422 2928 καὶ
441 2862 563 2948 ῥαδίως
582 2855 820 2946 ἐλεγχθήσεται
856 2852 1043 2944 ἆναγντόσε·
1116 2863 1117 2872 ’

84 2986 133 3028 ται
150 2957 213 3050 γόιρ
230 2955 311 3048 υμῖν
327 2956 388 3029 ὅσα
413 2960 564 3028 κατέλιπε
581 2953 830 3048 Δικαιογένης
815 2987 833 3028 ο
851 2960 1041 3040 Μενεξένου

87 3061 183 3153 ἐντῷ
200 3057 311 3152 κλήρῳ
329 3063 382 3128 καὶ
400 3056 440 3128 τὰ
457 3057 604 3148 χρήματα
622 3055 645 3128 δι’
663 3067 788 3147 ἔλαβεν.

458 3222 669 3273 ΑΠΟΓΡΑΦΗ.

162 3367 271 3432 Ταῦτα
289 3369 320 3432 εἰ
335 3365 396 3452 μὲν
412 3361 457 3451 μή
474 3384 556 3452 φασι
573 3363 795 3450 Δικαιογὲνην
811 3358 869 3430 τόν
886 3354 1044 3448 ἡμέτερον
1061 3375 1078 3423 4

5 3515 7 3546 ,
88 3471 178 3532 θεῖον
195 3467 299 3548 ζῶντα
315 3467 495 3550 κεκτῆσθαι
520 3465 575 3532 καὶ
591 3456 846 3549 ἀποθνήσκοντα
870 3453 950 3547 ἡμῖν
968 3460 1044 3526 δυό-

5 3579 6 3590 ’
87 3587 149 3651 ναι,
167 3559 446 3646 ἄποδειξάτωσαν·
466 3569 497 3632 ελ
514 3563 551 3632 δὲ
568 3565 622 3631 καὶ
642 3565 769 3632 ἐκεῖνον
786 3568 978 3628 καταλιπεῖν
988 3557 1044 3625 καὶ
