2442 3948
156 231 159 237 '
220 237 261 298 70
631 229 760 282 ΙΣΔΙΟΤ
1076 233 1133 282 On.
1149 240 1183 291 5,

218 423 309 492 υοχε·
337 400 424 490 πλήν
450 399 505 472 ὅτε
522 407 665 493 Λέχαιον
690 400 792 488 ἑάλω,
820 404 954 490 κληθεὶς
973 399 1039 472 ὑπὸ
1059 405 1185 494 ἑτέρου

220 506 387 574 ἐπέδωκεν
405 507 442 574 ἐν
458 507 506 596 τῷ
523 502 616 597 δήμῳ
633 511 821 594 τριακοσίας
849 502 1012 593 δραχμάς,
1040 509 1188 576 ἔλαττον

169 604 203 657 3⁸
219 598 451 694 ήΚλεωνυμος
468 599 486 674 δ
503 603 609 696 Κρής·
628 605 796 674 καὶτοῦτο
814 606 989 691 ἐπέδωκεν,
1007 600 1069 674 οὐκ
1087 605 1186 693 εἰσή-

186 737 191 764 ι
219 733 354 793 νεγκεν,
380 701 453 774 ἀλλ’
473 702 524 774 ἐπ’
542 711 698 797 αἰσχίστῳ
724 702 941 795 ἐπιγράμματι
964 707 1100 793 ἐξετέθη
1119 704 1186 775 αὖ·

219 809 280 876 του
295 802 440 894 τοῦνομα
457 811 645 894 ἔμπροσθεν
660 807 728 877 τοῖν
746 803 944 894 ἐπωνύμων,
971 801 1021 876 ὅτι
1037 810 1112 875 οἵδε
1130 813 1186 888 εἰς

220 914 386 996 σωτηρίαν
410 909 468 994 τῆς
494 904 619 986 πόλεως
644 900 864 994 ὑποσχόμενοι
890 909 938 999 τῷ
964 903 1058 998 δήμῳ
1076 914 1183 978 εἰσοί-

220 1027 292 1075 σειν
308 1004 456 1097 χρήματα
474 1008 645 1078 ἐθελονταί
662 1003 724 1077 οὐκ
742 1005 944 1095 εἰσήνεγκαν.
980 1014 1087 1076 καίτοι
1106 1013 1183 1089 πῶς

219 1102 311 1189 ἄξιον
335 1105 534 1196 θαυμάζειν,
562 1097 740 1197 ολᾶνδρες,
769 1114 801 1177 εἰ
817 1108 872 1197 ἐμὲ
899 1105 1100 1195 ἐξηπάτησεν
1118 1112 1183 1178 ἕνα

219 1202 314 1295 ὅντα,
341 1203 377 1288 ὃς
402 1203 490 1297 ὑμᾶς
516 1205 662 1289 ἅπαντας
687 1205 754 1297 ἅμα
779 1210 1051 1299 συνειλεγμένους
1079 1212 1118 1278 ἐν
1136 1214 1181 1298 τῇ

220 1309 375 1400 ἐκκλησίᾳ
408 1312 542 1379 τοιαῦτα
576 1312 725 1397 ἐποίησε;
759 1310 814 1378 καί
839 1307 968 1378 τούτων
987 1304 1068 1396 ὑμῖν
1097 1307 1181 1391 τούς

218 1405 386 1498 μάρτυρας
404 1411 588 1499 παρέξομαι.

593 1574 800 1626 ΜΑΡΤΤΡΕΣ.
862 1539 863 1547 ¹

167 1717 201 1770 39
292 1718 353 1793 Εἰς
363 1714 425 1801 μὲν
441 1710 503 1802 τήν
513 1712 611 1784 πόλιν
621 1709 708 1784 οὕτω
726 1716 782 1783 καὶ
798 1715 939 1783 τοσαῦτα
961 1716 965 1802 λ
990 1716 1180 1807 λελειτούρ-

217 1839 298 1900 γηκε
316 1817 534 1902 Δικαιογένης
559 1811 623 1884 ἀπὸ
640 1813 808 1885 τοσούτων
824 1811 1012 1904 χρημάτων·
1039 1819 1119 1900 περὶ
1141 1821 1181 1887 δὲ

217 1911 294 1994 τούς
320 1912 544 2004 προσήκοντας
570 1912 717 1994 τοιοῦτός
741 1918 831 1984 ἐστιν
856 1909 929 1990 οἷον
953 1909 1060 2004 δρᾶτε,
1091 1913 1181 1987 ὥστε

218 2011 295 2094 τοδς
312 2016 374 2103 μὲν
390 2010 486 2104 ήμῶν
502 2012 655 2104 ἀφείλετο
672 2011 733 2101 τήν
750 2011 886 2102 οὐσίαν,
903 2010 953 2084 ὅτι
970 2023 1080 2103 μείζον
1099 2020 1179 2087 ἐδυ-

217 2113 323 2201 νήθη,
349 2113 427 2195 τοδς
455 2117 492 2185 δὲ
508 2113 672 2204 περιεώρα
699 2121 745 2196 εἰς
761 2111 839 2195 τοὺς
856 2112 1044 2202 μισθωτοδς
1062 2114 1179 2200 ἰόντας

219 2208 265 2281 δι’
285 2219 417 2285 ἔνδειαν
433 2219 501 2285 των
519 2219 721 2304 ἐπιτηδείων.
757 2213 818 2304 τήν
832 2215 869 2284 δὲ
881 2213 1079 2304 μητέρατὴν
1095 2217 1177 2286 τού-

217 2339 276 2434 τογ
302 2317 537 2403 καθημένηυέ
536 2345 557 2384 υ
582 2319 630 2409 τῷ
654 2319 711 2402 τής
736 2323 921 2436 Εἰληθυίας
947 2319 1027 2407 ἰερρὶ
1052 2315 1177 2398 πάντες

219 2410 349 2502 ἑώρων,
369 2417 424 2484 καί
440 2413 546 2508 τούτω
565 2411 808 2540 ἐγκαλουσαυ“
787 2444 808 2484 α
826 2413 888 2502 ἐγω
907 2414 1105 2539 αἰσχυυρμαι
1121 2423 1176 2487 λε’-
1219 2402 1220 2432 ¹

165 2525 200 2577 40
215 2541 305 2603 γειν,
333 2543 428 2597 ουτος
456 2517 492 2586 δὲ
510 2542 614 2587 ποιων
631 2544 693 2586 ουκ
718 2512 889 2606 ᾐσχύνετο.
924 2513 1043 2587 τωνδ’
1064 2519 1176 2605 ἐπιτη-

218 2619 317 2686 δείων
334 2619 475 2687 Μέλανα
499 2614 619 2706 μὲν
585 2645 644 2688 τον
670 2615 907 2740 Αἰγύπτιον,
896 2643 921 2685 ω
949 2621 984 2685 ἐκ
1000 2624 1176 2706 μειρακίου

216 2723 312 2804 φίλος
330 2707 390 2806 ήυ,
418 2714 499 2807 ὅπερ
518 2725 615 2806 ἔλαβε
639 2713 718 2807 παρ’
737 2713 842 2786 αὐτον
857 2713 1017 2808 αργήριου
1033 2713 1174 2787 ἆποστε·
1218 2785 1219 2788 ,

217 2813 335 2904 ρήσας,
354 2817 506 2905 ἐχθιστός
524 2821 605 2887 ἐστι
624 2844 691 2887 των
710 2818 747 2886 δὲ
764 2814 873 2886 αλλων
891 2844 994 2886 αυτου
982 2819 1123 2905 φίλων
1140 2825 1176 2888 οί
1218 2843 1219 2921 χ

216 2912 333 3001 μέν’
294 2943 356 2984 ουκ
372 2913 577 3005 απέλαβον“
556 2947 577 2986 α
595 2914 784 3000 ἐδανεισαυ,
802 2921 873 2985 οἰδ
877 2913 1173 3006 ’ἐξηπατήθησαν

217 3010 337 3082 καί’
298 3043 360 3083 ουκ
385 3012 535 3103 ἔλαβον
521 3045 542 3085 α
536 3011 716 3104 υπέσχετο
742 3011 908 3105 αὕτοῑς,ε
892 3016 1175 3090 εἰέπιδικοίσαιτο

166 3123 199 3175 41
217 3140 276 3183 του
294 3111 433 3206 κλήρου,
454 3114 590 3187 δαίσειν.1
627 3123 749 3204 καίτοι,
777 3145 802 3186 ω
792 3107 953 3206 ανδρες,
972 3145 990 3187 ο
992 3112 1175 3208 ἰήμέτεροι

216 3212 374 3304 πρόγονοι
399 3221 433 3285 οἰ
456 3220 559 3286 ταῦτα
576 3215 771 3306 κτησάμενοι
788 3219 843 3286 καὶ
860 3216 1092 3299 καταλιπόντες
1110 3218 1173 3288 πά·
1217 3227 1218 3232 ’

217 3335 276 3396 σας
294 3317 355 3405 μὲν
372 3325 525 3407 χορηγίας
543 3317 755 3407 ἐχορήγησαν,
780 3316 975 3406 εἰσήνεγκαν
994 3320 1030 3388 δὲ
1048 3326 1096 3399 εἰς
1113 3317 1174 3390 τδν
1217 3342 1218 3410 χ

217 3415 360 3505 πόλεμον
384 3416 532 3507 χρήματα
556 3416 661 3488 πολλὰ
686 3413 783 3508 ὑμῖν,
817 3420 873 3488 καί
898 3421 1174 3510 τριηραρχοῦντες

216 3512 339 3586 οὐδένα
364 3516 483 3609 χρόνον
509 3521 666 3590 διέλιπον.
710 3522 764 3589 καί
789 3517 916 3588 τούτων
940 3517 1108 3611 μαρτύρια
1135 3523 1170 3590 ἐν
