2510 3948
334 278 466 337 ΚΑΤΑ
486 269 866 338 ΚΤΗΣΙΦΩΝΤΟΣ.
1004 275 1065 340 133

117 436 222 506 αὐτόν
237 439 301 525 γάρ
319 436 379 507 τόν
396 446 544 525 χρυσοῦν
559 437 743 525 στέφανον,
763 435 800 517 ός
816 433 860 506 ἀν
877 441 914 507 ἐν
924 445 972 528 τῷ
981 439 1066 506 θεοί-

116 544 240 626 τρφτῷ
258 541 295 606 ἐν
313 534 404 604 ἀστει
420 533 613 624 ἀναρρηθῇ,
637 535 729 621 ἱερὸν
746 533 831 602 εἶναι
846 543 904 622 τῆς
920 532 1067 623 Ἀθηνᾶς

116 636 246 704 κελεύει
257 633 274 703 ὁ
286 633 397 722 νόμος,
408 633 615 722 ἀφελόμενος
625 633 686 704 τόν
696 632 976 719 στεφανούμενον.
990 641 1065 702 καί·

116 758 168 802 τοι
192 738 240 812 τίς
261 728 304 800 ἀν
325 731 421 820 ὑμῶν
441 734 614 827 τολμήσειε
634 731 800 819 τοσαύτην
826 729 1065 818 ἀνελευθερίαν

115 839 327 917 καταγνῶναι
343 839 404 900 τοῦ
427 831 534 918 δήμου
555 838 623 900 τῶν
637 828 838 916 Ἀθηναίωνς
862 828 906 917 μη
928 828 994 916 γάρ
1014 829 1064 898 ότι

118 928 229 1013 πόλις,
255 925 329 998 ἀλλ’
350 927 424 998 οὐδ’
446 925 489 998 ἀν
506 932 637 1016 ἰδιώτης
653 927 732 998 οῦδὲ
749 925 796 1008 εἷς
807 927 914 1009 οὕτως
925 926 1066 1015 ἀγεννὴς

115 1029 262 1112 γένοιτο,
284 1027 368 1096 ὥστε
386 1025 427 1097 όν
444 1027 544 1108 αὐτὸς
561 1034 663 1098 ἒδωιιε
681 1031 848 1114 στέφανον
859 1026 926 1116 ἀμα
938 1025 1066 1113 ἀνακη-

116 1123 249 1207 ρύττειν
266 1125 322 1196 καὶ
338 1123 554 1212 ἀφαιρεῖσθαι
571 1129 626 1194 καὶ
642 1133 835 1212 καθιεροῦν.
858 1122 943 1211 ἀλλ’,
964 1123 1065 1210 οἶμαι,

115 1219 171 1290 όιά
187 1220 224 1290 τό
244 1222 374 1302 ξενικόν
391 1223 476 1292 εἶναι
492 1222 552 1294 τόν
568 1227 736 1311 στέφανον
753 1225 808 1292 καὶ
827 1220 849 1309 ἡ
867 1225 1065 1309 καθιέρωσις

114 1327 277 1407 γίγνεται,
298 1325 354 1391 ἵνα
370 1324 482 1409 μηθεὶς
492 1320 670 1409 ἀλλοτρίαν
681 1321 817 1392 εόνοιαν
827 1323 904 1408 περὶ
914 1327 1066 1402 πλείονος

116 1418 315 1504 ποιούμενος
328 1429 385 1507 τῆς
402 1426 559 1508 πατρίδος
573 1427 693 1507 χείρων
710 1424 844 1508 γίνηται
859 1418 922 1508 τὴν
942 1421 1065 1514 τίινγηνἱ

51 1524 95 1582 47
116 1514 191 1584 ἀλλ’
208 1517 270 1587 οόιι
285 1523 414 1588 ἐκεῖνον
430 1521 490 1588 τὸν
506 1525 543 1590 ἐν
559 1530 600 1609 τῇ
615 1525 771 1611 ἐκκλησία
782 1522 950 1607 στέφανον
960 1518 1065 1607 ἀναρ-

115 1620 263 1702 ρηθέντα
281 1616 389 1696 οὐδεὶς
405 1628 573 1704 καθιεροῖ,
591 1617 664 1689 ἀλλ’
679 1627 782 1703 ἔξεστι
792 1628 991 1709 κεκτῆσθαι,
1008 1625 1064 1689 ἵνα

114 1713 406 1803 μημόνοναύτός,
428 1715 576 1786 ἀλλὰκαὶ
587 1721 815 1805 οίέξέιιείυου,
837 1723 1065 1810 ίχοντεςίυτῇ

114 1818 205 1900 οίκίφ
216 1811 253 1879 τό
264 1811 455 1900 ὑπόμνημα,
467 1818 627 1901 μηδέποτε
641 1820 737 1887 κακοί
752 1815 814 1906 την
824 1819 934 1906 ψυχὴν
945 1825 991 1898 είς
1002 1816 1065 1886 τόν

113 1915 226 1997 δῆμον
241 1917 427 1997 γίγνωνται.
450 1914 506 1981 καὶ
522 1912 576 1982 διὰ
593 1924 690 1984 τοῦτο
708 1912 947 2004 προσέθηκενό
961 1941 1066 2002 νομο-

112 2011 217 2093 θέτης
228 2004 272 2095 μή
291 2008 514 2096 κηρύττεσθαι
530 2009 591 2080 τόν
608 2009 783 2096 ἀλλότριου
794 2018 961 2100 στέφανον
971 2017 1008 2081 όν
1019 2020 1066 2103 τῷ
1080 2019 1131 2079 437

52 2171 55 2177 .
116 2106 260 2197 θεάτρφ,
273 2106 333 2176 ἐὰν
343 2107 388 2195 μὴ
401 2115 583 2196 ψηφίσηται
594 2107 612 2178 ὁ
624 2114 741 2199 δῆμος,
752 2111 798 2180 ἵν’
810 2109 831 2199 ἡ
843 2113 938 2193 πόλις
948 2109 969 2199 ἡ
980 2120 1065 2201 βον-

115 2209 236 2292 λομέυη
255 2205 328 2274 τινά
347 2215 416 2275 των
433 2207 601 2297 ὑμετέρων
618 2220 809 2298 στεφανοῦν
819 2216 971 2302 πρέσβεις
981 2219 1065 2301 πέμ-

115 2317 205 2385 ψασα
217 2310 324 2392 ῦεηθη·
333 2313 395 2374 τοῦ
408 2307 532 2396 δήμου,
543 2312 600 2377 ἵνα
607 2311 851 2398 κηρυττόμενος
860 2318 956 2398 μείζω
967 2312 1066 2398 χάριν

115 2405 187 2488 είῦῇ
195 2409 263 2472 τῶν
276 2405 535 2488 στεφανούντων
545 2407 636 2493 ὑμῖν,
649 2406 700 2477 ότι
709 2413 850 2494 κηρῦξαι
858 2413 1062 2491 ἐπετρέψατε.

115 2495 167 2568 ότι
177 2497 209 2567 δ’
220 2497 332 2586 ἀληθῆ
342 2502 443 2587 λόγω,
455 2511 524 2571 τεόν
534 2505 649 2588 νόμων
660 2503 774 2571 αὐτῶν
784 2503 958 2574 ἀκούσατε.

504 2609 670 2672 ΝΟΜΟΙ.

62 2707 98 2762 48
195 2695 346 2766 Ἐπειδὰν
362 2703 479 2765 τοίνυν
493 2699 719 2777 ἐξαπατῶντες
737 2696 824 2787 ὑμᾶς
840 2704 998 2791 λέγωσιν,
1022 2703 1066 2784 ὥς

113 2802 380 2883 προσγέγραπται
398 2800 434 2865 ἐν
455 2804 503 2887 τῷ
524 2794 617 2888 νόμω
638 2801 757 2878 ἐξεῖναι
776 2809 983 2891 στεφανοῦν,
1004 2801 1066 2874 ἐὰν

111 2893 329 2983 υηφίσητιιιὸ
347 2900 464 2984 δῆμος,
487 2894 779 2984 ἀπομνημονεύετε
789 2897 902 2982 αὐτοῖς
912 2899 1065 2992 ύποβάλ·

111 3005 198 3064 λεια·
214 2998 287 3080 ναί,
305 3006 338 3066 εί
344 3023 382 3083 γε
393 3001 432 3066 σί
440 3024 489 3078 τις
499 2995 582 3085 ἄλλη
593 2997 690 3079 πόλις
700 3015 874 3087 στεφανοῖ·
886 3007 917 3070 εί
928 3005 964 3068 δὲ
974 2998 993 3068 ὁ
1005 3006 1066 3088 σῆ-

110 3120 172 3180 μος
193 3092 211 3162 ό
228 3094 432 3185 Ἀθηναίων,
452 3095 684 3166 ἀποδέδεικταί
698 3118 752 3168 σοι
766 3098 885 3183 τόπος,
909 3095 996 3166 ὅπου
1013 3103 1066 3168 δελ
1079 3116 1133 3172 430

110 3199 211 3262 τοῦτο
227 3199 402 3282 γενέσθαι,
425 3193 601 3282 ἀπείρηταί
614 3216 668 3264 σοι
683 3200 744 3277 ἔξω
760 3201 818 3282 τῆς
834 3197 1008 3280 ἐκκλησίας
1017 3193 1062 3282 μή

111 3293 346 3380 κηρύττεσθαι.
367 3291 404 3363 τό
417 3293 482 3381 γάρ
493 3292 640 3382 ,ἄλλοθι
652 3295 688 3363 δὲ
698 3299 875 3381 μηδαμοῦῑί
887 3291 908 3361 ό
918 3318 950 3359 τι
961 3298 1061 3378 ἔστιν,

111 3387 194 3476 ὅλην
205 3390 269 3480 τὴν
278 3390 407 3480 ἡμέραν
422 3393 512 3479 λίγε·
535 3391 654 3478 οῦγάρ
666 3389 863 3476 ἀποδείξεις,
883 3387 928 3469 τός
939 3396 1062 3475 ἔννομα

110 3491 288 3576 strome-
