2486 3948
288 299 876 363 KATAKTHmszNToz·
975 302 1036 365 193

75 493 165 554 γειν.
187 470 297 532 ἔπειτα
306 476 450 549 γυναῖκα
460 461 522 546 μὲν
532 457 709 542 ἀλλοτρίαν
720 470 917 532 πενθοῦσαν
928 465 1035 533 δόνα-

80 587 142 633 σαι
151 569 441 649 παραμυθεῖσθαι,
462 558 591 646 γράψας
608 559 644 626 δὲ
661 565 788 643 μισθοῦ
805 562 960 650 ψήφισμα
970 563 1034 633 οὐκ

9 673 57 726 43
80 659 293 747 ἀπολογήσεη
314 655 336 744 ή
346 658 496 736 τοιοῦτός
509 662 599 725 ἐστιν
616 654 658 723 όν
668 660 837 742 γέγραφας
847 670 1039 746 στεφανοῦ-

84 771 186 846 σθαι,
200 754 268 839 οἷος
278 759 323 845 μή
334 755 582 843 γιγνώσκεσθαι
594 752 659 822 ὑπό
671 763 740 823 τών
751 749 791 824 εὖ
801 759 1034 850 πεπονθότων,

83 858 131 928 άν
143 859 190 945 μή
199 885 248 937 τις
259 877 312 925 σοι
323 861 478 942 συνείπη;
499 853 708 939 ἐπερώτησον
719 851 760 939 δή
777 855 856 934 τοδς
868 857 1033 946 δικαστάς,

72 965 116 1028 ἐί
124 963 327 1043 ἐγίγνωσκον
336 959 488 1040 Χαβρίαν
505 953 559 1020 καὶ
580 950 768 1039 Ἰφικράτην
783 955 839 1023 καὶ
853 958 1031 1045 Τιμόθεον,

82 1059 141 1125 καὶ
152 1061 269 1124 πυθοῦ
280 1050 354 1140 παρ’
368 1049 495 1138 αὐτόν,
518 1048 572 1118 διά
584 1057 619 1119 τί
629 1048 687 1130 τάς
698 1051 824 1135 δωρεάς
834 1053 946 1136 αὐτοῖς
958 1061 1034 1126 ἔδο-

81 1177 149 1222 σαν
169 1155 225 1222 καὶ
245 1150 303 1232 τάς
323 1151 453 1229 είκόνας
475 1156 624 1237 ἔστησαν.
656 1150 800 1230 ἅπαντες
816 1155 881 1238 γάρ
898 1153 966 1241 ἅμα
983 1173 1035 1223 σοι

84 1252 364 1339 ἀποκρινοῦνται,
388 1247 579 1338 ότιΧαβρίηι
601 1248 664 1334 μὲν
684 1248 739 1316 διά
757 1246 819 1336 τήν
835 1251 910 1336 περὶ
920 1252 1035 1333 Νάξον

82 1356 287 1437 ναυμαχίαν,
311 1346 487 1433 Ἰφικράτει
497 1346 550 1431 δὲ,
573 1345 625 1415 ότι
641 1346 750 1432 μόραν
762 1353 1034 1436 Λακεδαιμονίων

81 1449 266 1534 ιἰπόκτειυε,
278 1450 431 1536 Τιμοθέῳ
444 1447 479 1516 δὲ
492 1444 546 1514 διά
558 1445 619 1515 τόν
629 1453 814 1531 περίπλουν
824 1444 883 1517 τόν
895 1453 1037 1535 είςΚέρ-
1053 1466 1104 1523 636

84 1573 213 1635 κυραυ,
235 1548 291 1616 καλ
302 1547 431 1631 ἄλλοις,
455 1538 640 1636 ώυὲκάστρι
659 1545 766 1615 πολλά
783 1549 838 1615 καὶ
855 1544 939 1614 καλὰ
951 1545 1034 1615 κατά

9 1659 61 1712 144
83 1647 235 1734 πόλεμον
245 1651 324 1730 ἔργα
337 1649 527 1730 πέπρακται.
552 1651 764 1733 Δημοσθένει
776 1643 809 1714 δ’
822 1647 883 1714 ἐάν
893 1674 942 1727 τις
952 1652 1035 1732 ἐρω-

82 1754 127 1836 τᾷ
138 1743 194 1814 διά
204 1751 240 1813 τί
242 1743 283 1812 οό
295 1744 434 1826 δώσετες
447 1743 496 1813 ότι
507 1746 706 1834 δωροδόκος,
719 1745 770 1813 ὅτι
782 1744 900 1832 δειλός,
913 1746 964 1815 ότι
975 1749 1036 1834 τήν

81 1844 178 1925 τάξιν
192 1849 292 1912 ἔλιπε.
312 1845 367 1911 καλ
377 1843 522 1929 πότερον
531 1853 652 1914 τοῦτον
665 1843 830 1930 τιμήσετε,
841 1839 864 1929 ή
875 1842 961 1929 ὑμᾶς
972 1841 1035 1911 αό-

80 1943 164 2021 τούς
176 1938 349 2027 ἀτιμώσετε
362 1943 508 2020 καὶτοὺς
519 1939 759 2030 δπέρὺμώυέυ
770 1949 811 2030 τῇ
822 1943 907 2032 μάχη
919 1951 1033 2013 τελευ-

81 2041 266 2129 τήσαντας;
286 2037 344 2120 οὓς
353 2039 496 2127 νομίζεθ’
510 2039 595 2128 ὁρᾶν
610 2040 855 2128 σχετλιάζοντας
861 2093 870 2127 ,
895 2049 925 2111 εί
934 2035 1032 2123 οὗτος

87 2139 393 2226 στεφανωθήσεται.
415 2138 545 2227 καὶγὰρ
557 2136 599 2208 όν
611 2151 660 2230 ρίη
673 2139 801 2227 δεινόν,
813 2133 841 2209 ώ
855 2138 1035 2228 Ἀθηναῖοι,

87 2244 117 2308 εί
132 2237 172 2307 τὰ
190 2240 250 2325 μὲν
268 2240 351 2319 ξύλα
367 2241 422 2306 καλ
439 2237 518 2318 τούς
533 2246 652 2318 λίθους
668 2241 723 2308 καὶ
743 2235 803 2308 τόν
820 2243 974 2326 σίδηρον,
995 2239 1035 2308 τά

85 2325 206 2424 ἄφωνα
217 2339 322 2405 καὶτὰ
334 2334 531 2423 ἀγνώμονα,
553 2339 668 2428 ἐάντφ
686 2337 869 2423 ἐμπεσόντα
881 2336 1035 2405 ἀποκτεί-

83 2459 144 2524 νῃ,
156 2432 411 2521 ὑπερορίζομεν,
423 2439 477 2503 καί
488 2437 547 2504 ἐάν
558 2463 606 2515 τις
616 2435 721 2504 αὑτὸν
734 2437 961 2522 διαχρήσηται,
973 2435 1034 2524 τήν

82 2547 176 2620 χεῖρα
186 2531 248 2620 τήν
257 2541 357 2601 τοῦτο
369 2534 544 2621 πράξασαν
553 2536 652 2620 χωρὶς
670 2540 730 2601 τοῦ
742 2535 893 2620 σώματος
904 2535 1034 2604 θάπτο-
1050 2546 1099 2603 637

18 2645 64 2701 λλσ
82 2656 160 2716 μευ,
172 2633 398 2718 Δημοσθένην
409 2629 461 2717 δὲ,
476 2624 698 2717 ώἈθηυαῑοι,
717 2627 777 2698 τόν
786 2631 961 2716 γράψαντα
971 2632 1033 2719 μὲν

83 2725 150 2815 τήν
160 2730 373 2815 πανυστάτην
389 2733 521 2814 ἔξοδον,
542 2729 709 2814 προδόντα
726 2729 763 2797 δὲ
779 2726 864 2808 τοὺς
875 2730 1037 2814 στρατιώ-

83 2852 160 2912 τας,
175 2833 295 2894 τοῦτον
305 2823 400 2912 ὑμεῖς
409 2828 570 2915 τιμήσετε.
592 2826 720 2896 οὐκοῦν
732 2824 921 2915 ὖβριῗονται
932 2832 994 2915 μὲν
1004 2833 1039 2897 οί

83 2923 355 3012 τελευτήσαντες,
391 2924 595 3013 άθυμότεροι
617 2927 653 2996 δὲ
674 2931 708 2995 οί
726 2933 845 3008 ζώντες
865 2933 1036 3013 γίγνονται

82 3021 230 3108 ὁρῶντες
239 3031 297 3110 τῆς
307 3021 426 3112 ἀρετῆς
436 3019 547 3094 ἆθλον
558 3023 619 3094 τόν
627 3025 780 3094 θάνατον
790 3032 960 3112 κείμενον,
973 3024 1035 3113 τήν

84 3122 121 3190 δὲ
132 3121 268 3209 μνήμην
278 3126 522 3192 ἐπιλείπουσαν.
551 3123 588 3192 τό
602 3127 638 3193 δὲ
647 3128 817 3211 μέγιστον,
839 3121 1037 3210 ἐὰνίπερω-

82 3227 188 3290 τώσιν
205 3219 291 3308 ὑμᾶς
308 3226 341 3290 οἱ
356 3222 529 3309 νεώτεροι,
551 3223 635 3308 πρὸς
645 3236 742 3293 ποῖον
752 3219 813 3308 χρή
829 3221 1036 3308 παράδειγμα

26 3327 67 3390 ¹⁴⁶
84 3318 281 3399 αὐτοόςτόν
291 3327 367 3408 βίον
378 3332 563 3406 ποιεῖσθαι,
584 3328 619 3389 τί
632 3335 788 3406 κρινεῖτες
825 3313 864 3389 εὖ
881 3320 944 3408 γάρ
955 3331 1034 3407 ίστε,

27 3449 29 3512 ‘g
83 3419 136 3488 ότι
146 3419 209 3508 οὐχ
220 3425 257 3490 αί
265 3429 461 3505 παλαῖστραι
472 3419 551 3492 οὐδὲ
562 3419 602 3489 τά
613 3426 823 3490 διδασκαλεῖα
836 3417 939 3506 αὐδή
952 3446 1037 3506 μου·

29 3583 31 3624 Ξ
84 3517 169 3668 σιιρή
175 3520 283 3605 μόνον
295 3520 444 3589 παιδεύει
456 3518 535 3600 τοὺς
553 3524 745 3608 νεωτέρους,
758 3516 842 3588 άλλά
854 3515 1035 3605 πολδμᾶλ-

29 3635 31 3666 ἶ
171 3631 289 3669 SCHINES·
