2510 3948
195 280 256 346 148
539 283 796 341 ΑΙΣΧΙΝΟΥ

195 442 347 512 νοάντων
370 442 564 527 βλεπόντων
588 445 713 509 ἔλαθον
734 437 831 526 ὑμῶν
851 438 1078 527 ὑφελόμενοι,
1104 443 1167 509 καλ

194 540 273 620 τούς
282 543 319 632 έκ
330 548 398 608 τάν
410 538 542 607 πόλεων
553 539 683 607 τούτων
695 538 881 622 συνέδρους
892 537 967 625 παρ’
983 537 1085 626 ὑμῶν
1096 538 1166 626 μὲν

194 638 394 726 άνέστησαν,
416 639 518 707 πάλιν
536 638 572 706 δὲ
589 643 634 718 είς
650 640 800 706 Χαλκίδα
816 639 872 706 καί
889 636 926 706 τδ
939 639 1165 726 καλούμενον

194 734 366 825 Εὐβοϊκὸν
384 739 564 821 συνέδρων
584 734 784 822 συνήγαγον.
818 731 860 803 ὃν
885 734 923 802 δὲ
948 735 1082 822 τρόπον
1101 737 1163 806 καί

195 833 239 902 δι’
253 839 335 904 οἴων
345 835 642 920 κακουργημάτων,
656 830 747 901 ταῦτ’
758 831 824 921 ἤδη
836 831 932 914 άξιάυ
943 837 1035 902 ἐστιν
1047 834 1160 904 ιἰκοῦ-

196 954 261 1002 σαι.
284 935 472 1020 άφικνεῑται
492 931 556 1018 γάρ
580 929 664 1018 πρὸς
685 929 771 1017 ὑμᾶς
795 928 906 999 οὐκέτι
923 930 968 999 δι’
987 932 1158 1019 ἀγγέλων,
1173 945 1203 998 95

196 1031 270 1102 ἀλλ’
291 1030 392 1112 αὐτὸς
408 1028 426 1100 ὁ
446 1037 609 1114 Καλλίας,
631 1031 686 1098 καί
702 1027 884 1117 παρελθιδν
900 1037 947 1110 είς
957 1029 1022 1117 τὴν
1034 1036 1158 1118 ἐκκλη-

195 1138 273 1199 σίαν
289 1130 410 1216 λόγους
426 1134 579 1216 διεξῆλθε
596 1133 920 1215 κατεσκευασμένους
940 1127 1009 1199 ὑπὸ
1033 1140 1159 1219 Δημο-

196 1229 348 1307 σθένους.
371 1226 441 1296 εἷπε
458 1227 539 1315 γάρ,
563 1225 608 1306 οἱς
623 1227 701 1314 ἥκοι
711 1231 747 1296 ἐκ
757 1229 1022 1315 Πελοποννήσου
1032 1233 1156 1298 νεωστὶ

196 1328 371 1414 σύνταγμα
391 1326 555 1406 συντάξας
582 1331 628 1404 είς
648 1324 766 1394 ἑκατὸν
785 1325 959 1395 ταλάντων
981 1327 1154 1411 πρόσοδον

195 1431 247 1497 ἐπὶ
257 1434 433 1512 Φίλιππον,
446 1429 500 1494 καὶ
510 1431 714 1513 διελογίζετο,
727 1425 810 1494 ὅσον
820 1426 979 1506 ἑκάστους
988 1431 1056 1494 ἔδει
1066 1447 1154 1495 συν-

195 1534 301 1594 τελεῖν
306 1577 316 1611 ,
337 1522 486 1610 ’Λχαιοάς
502 1524 563 1608 μὲν
580 1523 708 1604 πάντας
724 1526 779 1593 καί
795 1529 972 1611 Μεγαρέας
989 1526 1152 1612 ἑξήκοντα

194 1624 355 1707 τάλαντα,
377 1619 435 1700 τάς
457 1619 490 1688 δ’
513 1626 550 1689 έν
565 1621 695 1712 Εὐβοίᾳ
713 1624 826 1703 πόλεις
841 1621 971 1703 ἁπάσας
992 1626 1152 1710 τετταρά-

194 1745 296 1789 κοντα
306 1745 312 1758 ·
324 1723 362 1787 ἐκ
375 1719 412 1788 δὲ
422 1719 552 1788 τούτων
562 1729 630 1789 τάν
639 1720 817 1808 χρημάτων
826 1719 987 1809 ὑπάρξειν
998 1725 1054 1792 καὶ
1064 1749 1150 1790 υαυ-
1163 1735 1193 1790 96

193 1816 289 1905 τικην
305 1819 360 1886 καὶ
377 1817 512 1906 πεζικὴν
530 1820 691 1906 δύναμιν·
714 1819 798 1888 εἶναι
811 1821 847 1888 δὲ
862 1821 1010 1902 πολλοὺς
1024 1821 1148 1902 άλλους

194 1926 263 1987 τάν
275 1916 459 2005 Ἑλλήνων,
484 1915 544 1998 οὓς
560 1919 745 2005 βούλεσθαι
761 1935 935 1989 κοινωνεῖν
953 1929 1011 2008 τῆς
1022 1921 1147 1990 συντά-

127 2027 180 2083 48⁷
195 2021 290 2102 ξεως,
316 2016 400 2086 ὥστε
416 2018 494 2086 οὔτε
508 2019 687 2106 χρημάτων
699 2015 778 2086 οάτε
788 2027 1000 2104 στρατιωτῶν
1011 2025 1146 2088 ἔσεσθαι

195 2113 348 2199 άπορίαν.
359 2119 414 2183 καλ
424 2123 528 2183 ταῦτα
539 2117 601 2202 μὲν
611 2113 651 2184 τά
664 2117 811 2202 φανερά·
824 2122 889 2204 ἔφη
901 2118 937 2186 δὲ
948 2121 1005 2185 καὶ
1016 2118 1148 2205 πράξεις

196 2213 352 2296 πράττειν
363 2214 475 2298 ἑτέρας
483 2213 520 2282 δι’
535 2213 743 2302 ἀπορρήτων,
755 2218 811 2283 καὶ
822 2216 952 2284 τούτων
963 2215 1050 2284 εἷναί
1058 2244 1147 2297 τινας

195 2315 366 2403 μάρτυρας
376 2323 444 2383 τοῖν
453 2313 623 2402 ἡμετέρων
641 2325 800 2405 πολιτῶν,
820 2320 876 2387 καί
893 2327 1058 2387 τελευτάν
1069 2317 1147 2388 ὀνο-

195 2419 293 2503 μαστὶ
310 2417 489 2500 παρεκάλει
506 2419 735 2504 Δημοσθένην
752 2421 808 2486 καὶ
826 2408 996 2486 συνειπεῖν
1006 2416 1109 2504 ἠξίου.
1128 2417 1145 2487 ὁ
1161 2426 1191 2482 97

194 2514 231 2583 δὲ
245 2523 373 2600 σεμνῶς
384 2515 475 2583 πάνυ
493 2514 673 2601 παρελθοδν
689 2516 800 2584 τόντε
817 2523 967 2585 Καλλίαν
978 2513 1147 2605 ὑπερεπῄ-

193 2639 245 2683 νει
256 2614 295 2682 τό
306 2639 341 2681 τε
352 2611 546 2701 άπόρρητου
558 2613 824 2699 προσεποιήσατο
835 2616 973 2682 εἰδέναι·
990 2612 1097 2700 τὴνδ’
1110 2619 1146 2684 ἐκ

192 2712 454 2800 Πελοποννήσου
471 2718 667 2801 πρεσβείαν,
687 2709 731 2796 ἣν
741 2715 958 2799 ἐπρέσβευσε,
976 2713 1102 2800 καλτην
1113 2717 1145 2794 ἐξ

9 2885 10 2904 3
188 2808 405 2894 ’Λκαρυανίας
412 2815 476 2896 ἔφη
484 2809 669 2896 βούλεσθαι
681 2807 761 2896 ὑμῖν
770 2808 974 2896 ἀπαγγείλαι.
985 2804 1030 2898 ἦν
1039 2810 1071 2879 δ’
1083 2811 1145 2878 νά-

9 2945 10 2984 ι
124 2921 177 2980 488
191 2914 238 2999 τῷ
249 2907 434 2992 κεφάλαιον
444 2915 512 2974 τάν
523 2910 634 2994 λόγων
645 2907 772 2986 πάντας
783 2908 845 2993 μὲν
854 2915 1143 2994 Πελοποννησίους

192 3005 369 3093 ὑπάρχειν,
387 3006 514 3084 πάντας
531 3004 563 3073 δ’
579 3003 784 3094 Ἀκαρνᾶνας
798 3010 1080 3093 συντεταγμένους
1089 3009 1142 3076 ἐπὶ

194 3110 362 3173 Φίλιππον
378 3102 439 3192 ὑφ’
460 3106 598 3192 ἑαυτοῦ,
620 3104 706 3174 εἶναι
723 3105 759 3174 δὲ
775 3103 814 3172 τὸ
832 3105 1007 3191 σάνταγμα
1018 3107 1142 3192 χρημά-

193 3229 259 3270 των
275 3205 337 3289 μὲν
354 3211 399 3283 είς
417 3201 537 3273 ἕκατδυ
550 3211 638 3273 νεῶν
648 3211 932 3291 ταχυναυτουσῶν
941 3205 1140 3292 πληρώματα

191 3303 247 3370 καὶ
259 3306 305 3382 είς
323 3302 441 3383 πεζοὺς
457 3304 657 3389 στρατιώτας
667 3311 808 3390 μυρίους
818 3306 874 3372 καὶ
887 3304 1004 3379 λππέας
1012 3311 1139 3392 χιλίους,

191 3398 352 3484 ὑπάρξειν
369 3404 405 3468 δὲ
422 3401 510 3488 πρδς
519 3403 649 3482 τούτοις
658 3407 715 3472 καί
725 3403 784 3483 τάς
795 3403 965 3484 πολιτικάς
976 3405 1138 3491 δυνάμεις,
1151 3421 1182 3475 98

191 3499 227 3563 ἐκ
240 3501 503 3585 Πελοποννήσου
518 3503 580 3587 μλυ
599 3509 754 3582 πλείονας
770 3498 793 3590 η”
811 3507 988 3589 δισχιλίους
999 3502 1136 3586 ὁπλίτας,
