2510 3948
316 276 449 334 ΚΑΤΑ
471 275 852 334 ΚΤΗΣΙΦΩΝΤΟΣ.
1003 273 1063 336 195

94 433 323 525 ἀνθρώπων,
335 434 420 510 ἄλλά
431 454 521 521 παρα
539 440 607 512 τῶν
618 433 860 518 πρωτευόντων
870 430 1061 524 ίντήἈσίᾳ
1078 440 1130 496 642

44 528 50 536 ’
102 538 168 607 καὶ
178 545 219 625 τῇ
231 536 395 624 Εὐρώπης
415 535 472 612 καλ
483 530 533 619 ἐφ’
545 529 594 610 αλς
605 535 695 602 ἐστιν
707 535 744 598 ἐκ
759 539 829 600 τόν
840 530 954 620 νόμων
965 536 1060 656 ζημία

102 637 277 723 θάνατος,
289 636 394 707 ταῦτά
404 661 491 716 τινες
503 631 566 703 οὐκ
576 636 793 717 ἐξαρνοῦνται
804 633 977 719 πράττειν,
989 631 1058 703 ἀλλ’

104 731 359 819 δμολογοῦσινί
359 741 437 824 ντρῐ
455 731 566 822 δήμῳ,
587 729 711 808 κοίτας
721 727 895 810 ίπιστολας
905 729 1060 818 αλλήλοις

105 831 506 917 παραναγιγνώσκουσιν,
539 829 595 896 καί
624 829 906 911 παρακελεύονται
927 823 1045 916 νμῑν
1028 832 1063 896 οί

105 927 171 1014 μὲν
186 930 322 1015 βλέπειν
338 934 383 1007 είς
400 926 444 998 τά
463 929 590 1002 ἑαντων
607 923 778 1008 πρόσωπα
787 920 830 1002 ὡς
846 923 1041 1009 φύλακες
1002 950 1059 1043 της

107 1031 341 1113 δημοκρατίας,
352 1021 502 1113 ἕτεροιδ’
514 1030 644 1094 αίτοασι
654 1020 816 1107 δωρεας
792 1049 835 1100 ως
848 1030 992 1110 σωτηρες
1001 1049 1060 1108 της

10 1142 80 1193 ι51
102 1124 270 1205 adme*
249 1151 352 1204 οντες.
385 1123 459 1194 ὁδε
463 1129 565 1210 δῆμος
582 1125 686 1241 ἕκτης
696 1118 807 1208 άθιμί
804 1147 843 1200 ας
853 1128 921 1205 τοῖν
933 1127 1059 1208 συμβε-

104 1223 261 1314 βηκότων
279 1221 389 1311 ωσπερ
407 1222 686 1308 παραγεγηρακός
705 1247 727 1307 η
714 1215 931 1305 παρανοίας
954 1222 1058 1289 ἑαλω-

105 1327 177 1404 uois
188 1321 268 1392 αότό
286 1322 392 1410 μόνον
409 1319 556 1406 τοῦνομα
576 1327 635 1405 τῆς
646 1323 866 1404 δημοκρατίας
877 1330 1057 1404 περιποιεῖ,-

104 1449 171 1508 παι,
183 1428 251 1490 τῶν
263 1420 293 1488 δ’
303 1427 411 1508 ἔργων
419 1424 539 1506 ἑτέροις
548 1417 833 1504 παρακεχώρηκεν.
853 1415 1057 1501 ἔπειτ’άπέρ-

96 1529 209 1604 ηεσθε
220 1514 568 1605 ἐκτῶνέκκλησιεόνού
576 1515 851 1603 βουλευσάμενοι,
862 1511 930 1582 ἄλλ’
944 1511 1055 1599 ὥσπερ

10 1630 82 1682 252
104 1623 144 1686 ἐκ
156 1626 223 1688 τεόν
233 1619 381 1704 ἐράνων,
391 1614 431 1684 τά
442 1616 598 1703 περιόντα
609 1617 809 1704 νειμάμενοι.
833 1613 885 1684 ὅτι
896 1613 930 1683 δ’
943 1611 985 1684 οὐ
997 1621 1057 1702 λη·
1072 1619 1124 1679 643

105 1722 168 1802 0⁰3,
181 1720 310 1785 ἐκεῖθεν
321 1713 494 1800 τὸνλόγον
504 1716 704 1802 θεωρήσατε.
728 1712 857 1800 ἐγίνετό
868 1740 932 1802 τις,
951 1712 1057 1799 άχθοζ-

103 1838 166 1896 μαι
179 1814 215 1880 δὲ
232 1812 390 1891 πολλάκις
406 1817 611 1899 μεμνημένος
626 1807 685 1890 τάς
704 1809 838 1898 άτνχίας
848 1820 905 1898 τῆς
916 1811 1055 1896 πόλεως,

102 1906 241 1978 ἐνταῦθ’
261 1907 514 1997 άνήρίδιάτης,
537 1907 573 1990 ὃς
589 1912 722 1981 ἐκπλεῖν
741 1909 848 1997 μόνον
869 1916 915 1990 είς
935 1910 1055 1998 Σάμον

102 2003 317 2094 ἐπιχειρήσας
338 2004 382 2087 οἱς
409 2006 573 2096 προδότης
596 2016 655 2095 τῆς
683 2013 839 2094 πατρίδος
859 2006 1056 2095 αὐθημερόν

103 2097 171 2171 ὑπὸ
191 2110 248 2189 τῆς
263 2107 296 2184 ἐξ
312 2103 439 2195 Ἀρείου
456 2107 567 2193 πάγον
585 2114 709 2195 βουλῆς
725 2108 865 2197 θανάτῳ
877 2108 1054 2195 ἐζημιώθη.

102 2203 215 2283 ἕτερος
226 2199 257 2268 δ’
271 2203 403 2292 ἰδιότης
413 2205 596 2285 ἐκπλεύσας
607 2211 652 2286 είς
659 2203 793 2292 Ῥόδον,
811 2205 863 2276 ότι
874 2205 935 2274 τὸν
944 2207 1056 2294 φόβον

105 2295 281 2388 άνανδρως
291 2301 410 2390 ήνεγκε
417 2354 427 2390 ,
446 2303 563 2394 πρῴην
574 2306 653 2382 ποτε
665 2308 862 2394 εἰσηγγέλθη
873 2307 928 2374 καὶ
941 2315 1009 2374 ίσαι
1021 2309 1056 2370 αί

103 2407 210 2486 νήφοι
218 2397 308 2488 αὐτῷ
314 2405 482 2485 ἐγένοντο·
495 2411 526 2472 εί
535 2405 571 2472 δὲ
577 2411 635 2490 μία
642 2402 942 2490 μόνονμετέπεσεν,
949 2399 1054 2487 ὑπερ·
1071 2421 1122 2475 644

25 2515 86 2569 253
104 2493 214 2583 ω’ρισό
227 2492 274 2566 άν
292 2491 314 2584 ή
336 2495 517 2568 άπέθανεν.
551 2499 744 2586 ἀντιθῶμεν
763 2498 802 2588 δή
814 2501 850 2568 τὸ
863 2508 928 2568 νῦν
938 2500 1055 2586 γιγνό-

100 2621 213 2682 μενον
233 2591 320 2716 άνήρ
332 2593 479 2682 ρήτωρ,ὁ
492 2596 629 2666 πάντων
639 2604 708 2664 τῶν
719 2606 833 2666 κακῶν
843 2607 956 2686 αἴτιος,
965 2603 1055 2668 ἔλιπε

101 2692 210 2778 μὲν
174 2719 236 2779 την
247 2691 312 2762 άπο
301 2692 550 2778 στρατοπέδου
561 2695 671 2792 τάξιν,
690 2692 862 2781 άπέδραδ’
875 2699 910 2762 ἐκ
921 2704 979 2784 τῆς
990 2695 1054 2765 πό-

102 2797 198 2868 λεως·
222 2781 319 2870 οὗτος
337 2801 587 2877 στεφανοῦσθαι
603 2787 755 2873 α’ξιοῑκαλ
755 2791 991 2882 κηρύττεσθαι
1003 2805 1053 2866 ol-

102 2910 171 2955 εται
189 2892 267 2956 δεῖν.
299 2887 361 2959 οὐκ
377 2887 585 2977 ἀποπέμψετε
601 2888 662 2959 τόν
677 2891 901 2979 άνθρωπον’
880 2922 923 2974 ως
933 2894 1052 2982 κοινήν

100 3012 170 3054 των
176 2984 343 3076 Ἑλλήνων
359 2991 557 3114 σνμφοράν;
589 3020 610 3078 η
597 2987 896 3081 σνλλαβόντες’
872 3022 916 3074 ως
926 2992 1051 3084 ληστην

99 3113 170 3155 των
181 3087 400 3176 πραγμάτων,
412 3088 490 3159 ἐπ”
472 3091 647 3178 ονομάτων
660 3089 764 3162 διά
725 3120 783 3182 της
795 3099 959 3173 πολιτείας
969 3097 1050 3164 πλέ-

31 3198 82 3251 254
100 3211 199 3269 οντα,
221 3186 469 3272 τιμωρήσεσθε,
501 3187 606 3256 καλ
572 3216 633 3257 τον
649 3190 768 3275 καιρὸν
784 3188 853 3276 μήν
865 3191 1049 3280 μνήσθητε,
1066 3211 1116 3266 645

99 3273 178 3350 ἐν
149 3309 176 3374 ω
189 3280 250 3369 τήν
260 3290 375 3369 νήφον
389 3288 513 3369 φέρετε.
535 3283 669 3378 ήμερων
680 3283 742 3371 μεν
757 3284 879 3370 ὀλίγων
890 3292 999 3374 μέλλει
1009 3281 1049 3356 τά

97 3382 215 3452 Πύθια
238 3381 536 3470 γίγνεσθαικαὶ
503 3412 539 3454 το
558 3382 788 3505 σννέδριοντό
800 3412 869 3454 των
882 3381 1050 3474 Ελλήνων

97 3488 335 3568 συλλέγεσθαι
370 3485 581 3570 διαβέβληται
602 3478 671 3550 δΗ
652 3487 748 3568 ημῶν
769 3479 790 3568 ἡ
814 3481 909 3635 πέζης
927 3487 962 3554 ἐκ
983 3512 1049 3554 των
