2450 3950
50 939 55 946 ’
146 929 189 1008 In
207 955 312 1008 edendo
329 955 468 1008 Aeschine
486 959 673 1022 quaerisne
691 962 763 1010 retio
781 973 853 1010 nuno
872 957 995 1024 quidem,
1016 959 1079 1014 duur

54 1039 163 1091 magns
180 1037 245 1090 pers
263 1023 429 1075 oodieumdn
441 1023 619 1076 bibliothoeis
630 1025 761 1092 neglecto
773 1027 860 1089 ieret,
880 1027 1021 1093 sequendo
1033 1029 1077 1092 sit,

54 1097 242 1212 postesstssusm
260 1095 289 1142 et
306 1105 323 1141 s
342 1089 434 1143 Gurolo
446 1091 564 1144 8οΜΜο
576 1090 712 1158 (observv.
725 1095 755 1144 in
766 1099 849 1146 orstt.
860 1093 976 1157 Attiou„
997 1095 1080 1148 Helie

56 1159 148 1209 Sani
184 1157 221 1222 6.)
235 1161 263 1210 et
275 1173 293 1209 s
304 1173 348 1209 me
360 1158 454 1211 multis
464 1159 536 1210 loeis
548 1159 582 1210 do
595 1175 630 1211 es
638 1175 669 1212 re
678 1161 847 1228 disputetum
857 1165 900 1214 est
908 1159 1079 1228 (etspeoim.

54 1241 152 1277 novae
166 1225 229 1276 edit.
242 1224 398 1277 Aeschinis.
422 1226 529 1278 Fuldoe
544 1225 617 1280 1838.
630 1228 670 1292 4.,
688 1227 851 1280 timerehes.
876 1227 989 1294 Llpsise
1004 1227 1079 1280 1839.

54 1292 100 1356 8.,
121 1298 187 1344 sete
204 1292 349 1344 sooietstis
366 1308 407 1359 gr.
425 1293 481 1346 vol.
498 1295 537 1346 11.
555 1293 624 1346 isse.
641 1295 663 1346 1.
676 1312 704 1362 p.
716 1293 826 1348 stt-48.
851 1295 966 1361 Lipsiae
980 1294 1077 1360 1840),

55 1361 166 1412 nemini
182 1360 294 1410 dubium
311 1373 373 1412 esse
388 1365 490 1427 potest.
513 1361 604 1428 Atque
622 1364 738 1415 eandem
755 1378 838 1430 quem
856 1377 907 1428 ego
920 1362 985 1414 olim
996 1364 1079 1414 retio-

57 1443 124 1480 uem
135 1427 260 1479 Boitrnu
269 1427 442 1493 etdmppr'ue,
457 1429 577 1481 editores
588 1431 767 1491 Turioenses,
779 1431 914 1493 inierunt,
929 1431 969 1482 ite
980 1435 1019 1494 ut,
1033 1432 1079 1496 qui

56 1512 104 1547 me
116 1492 258 1561 plerisque
269 1494 340 1546 loois
353 1511 414 1546 oum
425 1495 483 1548 illis
496 1497 651 1549 consentire
664 1498 903 1560 animadverterit,
916 1498 1013 1550 mirari
1024 1514 1079 1550 non

57 1563 172 1617 debent
197 1562 304 1625 Quibus
317 1567 409 1614 eutem
420 1563 492 1615 loeis
504 1569 533 1615 ot
545 1579 613 1630 quus
624 1566 660 1617 ob
673 1581 788 1619 esnssss
799 1566 867 1616 mihi
879 1565 914 1618 sb
927 1566 962 1617 iis
974 1567 1079 1618 dissen-

58 1631 185 1680 tiendum
207 1644 269 1681 esse
289 1630 442 1693 videretur,
467 1632 496 1681 in
516 1631 596 1683 Intret
611 1633 715 1685 enneli.
733 1633 840 1701 philoll.
858 1638 887 1686 et
923 1634 1078 1700 sedsgogg.

56 1697 192 1760 XXXIV,
205 1695 230 1748 3.
242 1713 270 1762 p.
283 1697 333 1749 243
350 1713 410 1764 sqq.
429 1699 549 1765 exposui.
579 1701 677 1765 Itaque
694 1700 748 1752 hoe
764 1701 826 1753 loeo
842 1650 921 1752 niuis
931 1700 1006 1753 eliud
1023 1702 1080 1752 nisi

58 1781 108 1816 eos
120 1764 198 1816 loeos
210 1763 357 1830 diligenter
369 1766 547 1827 enumerabo,
562 1767 658 1832 quibus
671 1783 688 1818 e
696 1767 827 1820 librorum
836 1784 900 1821 mss.
909 1770 1079 1820 auctoritate

58 1833 215 1883 discessum
228 1837 283 1896 est,
296 1837 327 1882 ut
338 1833 367 1896 ii,
382 1834 430 1899 qni
442 1832 495 1884 hoo
505 1831 577 1883 libro
590 1837 715 1898 utentur,
734 1836 800 1901 quid
808 1837 933 1887 eodieum
942 1836 996 1888 flde
1005 1839 1079 1886 ulte-

57 1906 105 1951 tnr
117 1900 218 1966 quidve
230 1899 348 1951 virorum
359 1901 503 1952 dootorum
515 1901 676 1952 eonieoture
691 1903 866 1953 emendatum
878 1903 928 1966 sit,
947 1908 1079 1956 aoeurete

58 1969 160 2019 soient.
187 1965 315 2018 Ceterum
332 1982 413 2034 quum
430 1967 517 2021 verbs
533 1969 651 2019 oratoris
667 1984 758 2035 paene
775 1971 869 2021 omnio
879 1970 936 2021 ism
947 1970 1022 2036 typis
1034 1984 1078 2020 ex·

57 2050 159 2102 presse
175 2038 282 2098 essent,
307 2051 342 2086 ex
357 2036 498 2102 insperato
515 2036 632 2099 oceidit,
656 2041 688 2088 ut
709 2036 816 2088 carolus
835 2037 963 2103 Hermoton
979 2037 1079 2090 Hessos

57 2102 208 2154 Aeschinis
226 2101 458 2169 ctesiphontem,
483 2119 564 2170 quem
580 2103 642 2170 ipse
657 2119 715 2156 uns
732 2119 793 2156 oum
809 2104 1005 2158 Demosthenis
1018 2122 1078 2158 oro-

57 2169 140 2221 tione'
150 2170 313 2222 adverseris
322 2171 455 2252 Mosquse
469 2170 542 2222 1845.
556 2171 695 2235 ediderat,
713 2173 818 2240 insigni
834 2187 894 2224 oum
911 2172 1079 2226 litorelitore

57 2238 129 2289 mihi
137 2239 268 2289 mitteret.
280 2238 314 2288 In
323 2253 375 2304 qno
383 2238 456 2291 libro
465 2253 545 2304 quum
556 2244 685 2306 exosrpte
695 2256 710 2292 e
720 2241 1078 2308 oodMorquensiGGHV,

59 2307 95 2356 de
108 2321 162 2372 quo
173 2305 229 2358 vid.
242 2306 369 2357 Matttu'ae
382 2306 466 2358 estol.
478 2324 505 2372 p.
520 2305 593 2371 163„
606 2309 730 2360 varietus
741 2308 873 2362 lectionis
885 2311 1017 2362 adnotato
1028 2310 1077 2359 ho·

58 2374 186 2436 beretnr,
204 2388 260 2423 non
275 2373 374 2424 inutile
385 2388 447 2427 esse
459 2375 523 2425 duxi
534 2383 587 2427 ees·
595 2375 760 2443 scripturos,
779 2391 850 2442 quse
860 2375 903 2427 illi
915 2378 1006 2428 oodiei
1016 2392 1079 2443 pro·

58 2440 141 2507 prise
153 2455 214 2491 esse
230 2440 391 2492 viderentur
402 2439 457 2524 (τ),
477 2442 553 2493 infre
569 2459 796 2508 commemorare,
816 2445 981 2511 praesertim
1015 2459 1078 2494 uum

60 2523 124 2558 eum
141 2509 244 2559 oeteris
261 2507 330 2560 loeis
346 2507 485 2575 plerusque
503 2525 564 2560 oum
579 2511 616 2560 iis
639 2511 716 2562 oodd
737 2510 896 2572 Aesohinis,
922 2511 968 2576 qui
989 2524 1006 2559 o
1025 2509 1078 2560 huo

59 2576 158 2643 optimi
168 2574 318 2639 habentur,
332 2577 489 2628 consentire
500 2577 641 2628 vidissem.

128 2644 209 2694 Haeo
221 2658 303 2709 quum
315 2648 380 2695 ente
391 2643 444 2693 hos
454 2657 554 2694 novem
567 2657 654 2693 annos
665 2643 853 2708 scripsissem,
875 2642 985 2691 interim
997 2657 1080 2707 quum

60 2725 146 2777 saepe
157 2711 279 2777 repetito
289 2709 437 2762 Aesehinis
452 2708 588 2773 leetione,
604 2713 662 2758 tum
677 2709 797 2759 virorum
814 2708 967 2770 duetorem,
985 2709 1079 2774 impri-

60 2779 112 2830 mis
124 2777 216 2830 Codeti
226 2793 312 2844 opere
324 2777 455 2829 effoetum
467 2781 524 2840 est,
536 2780 568 2826 nt
579 2774 666 2826 multo
678 2776 763 2826 etism
775 2773 899 2841 saepius,
920 2790 1001 2841 quom
1014 2781 1079 2826 onte

61 2861 144 2898 ausus
162 2859 264 2910 essem,
281 2844 328 2898 vel
345 2845 380 2897 eb
397 2845 433 2896 iis
452 2843 609 2907 oodioibus‚
628 2857 694 2909 qnos
707 2843 796 2894 udhuo
809 2843 928 2910 optimos
944 2857 1006 2896 esse
1023 2848 1079 2895 ste·

59 2913 176 2976 tuimur,
188 2912 235 2964 vel
247 2913 282 2964 eb
295 2913 420 2965 omnibus
432 2911 628 2963 disoedendum
640 2915 669 2962 et
679 2916 755 2962 reoto
766 2911 870 2964 inditio
882 2926 1023 2979 senesque
1035 2927 1079 2962 ro·

59 2981 131 3031 tioni
147 2980 210 3046 plus
228 2995 310 3046 quem
327 2979 451 3032 eodionm
464 2994 535 3046 quse
548 2979 651 3031 dieitur
662 2979 821 3032 auetoritetl
831 2979 1005 3031 tribuendum
1017 2994 1078 3032 esse

58 3047 128 3098 mihi
139 3049 343 3114 persuaderem.
366 3048 466 3114 Itaque
479 3061 560 3112 quem
571 3063 646 3099 nune
662 3047 691 3097 in
704 3047 873 3098 emendando
885 3047 1022 3099 Aeschine
1035 3061 1078 3098 re·

59 3117 165 3166 tionem
182 3116 350 3182 sequendum
366 3131 428 3166 esse
444 3119 586 3182 putarem,
606 3116 636 3165 in
646 3115 810 3167 Lectionibus
820 3115 984 3178 Aeschinis,
1008 3129 1078 3179 queo

59 3183 202 3248 Philologi
213 3184 235 3234 I.
249 3182 387 3249 Supplem.
399 3185 431 3234 P.
443 3183 469 3232 4.
481 3199 509 3248 p.
521 3183 572 3232 427
584 3197 643 3250 sqq.
655 3182 777 3234 insertos
791 3185 865 3243 sunt,
878 3181 993 3249 exposui
1004 3194 1079 3232 eem-

61 3265 112 3314 que
125 3251 156 3301 in
167 3250 221 3301 hoo
234 3249 324 3302 altere
334 3249 480 3302 Aeschinis
493 3251 614 3302 editione
626 3251 667 3301 ite
678 3255 789 3302 seoutus
801 3263 868 3310 sum,
881 3253 920 3310 nt,
935 3263 1005 3313 quse
1019 3263 1078 3298 eor·

61 3321 143 3383 rupte
160 3332 222 3369 esse
234 3317 302 3368 mihi
313 3317 525 3385 persuasionem,
545 3334 592 3382 ee,
610 3318 765 3384 ubieunque
781 3314 943 3382 typothetae
955 3315 1079 3366 rationes

60 3389 236 3450 peterentur,
260 3385 439 3452 corrigerem,
461 3388 557 3437 oetere
572 3386 602 3436 in
617 3385 671 3436 hoo
687 3383 863 3450 presistione
881 3381 1001 3432 eolleote
1017 3397 1078 3448 pro-

60 3467 202 3517 ponerem.
228 3451 314 3504 Simul
332 3453 400 3504 illud
417 3452 574 3504 iueiendum
591 3467 652 3502 esse
664 3452 775 3516 putavi,
793 3454 825 3499 ut
837 3448 920 3500 etism
932 3463 980 3501 eos
991 3449 1076 3512 locos,

61 3521 108 3584 qui
124 3535 181 3570 non
199 3524 304 3572 eertum
322 3521 546 3588 exploratumque
562 3518 667 3570 hebere
683 3518 843 3568 viderentur
855 3516 1019 3568 emendandi
1030 3531 1078 3566 ne-

63 3589 236 3649 ressitetem‚
251 3588 300 3638 sed
311 3592 405 3639 temen
418 3587 525 3654 aliquos
537 3589 596 3637 iure
609 3585 800 3648 offendissent,
814 3582 1074 3650 diligenteriudies-

836 3664 872 3717 ἢ*
