2444 3946
221 235 260 298 18
642 229 771 280 ιεειοτ
920 223 925 241 ’
1077 232 1127 282 οι.
1147 233 1168 282 1.

220 431 281 474 νου
306 401 456 472 διάνοιαν
484 405 540 490 τής
568 397 724 492 ἡμετέρας
748 399 876 507 αὐτων,
906 399 1169 492 ἀποθνήσκοντες

221 505 259 573 δὲ
286 501 404 582 ἀλλους
434 501 656 594 κληρονόμους
686 501 915 592 ἐβουλήθημεν
950 504 1034 574 εἶναι
1064 501 1169 574 αὐτόν

166 620 200 668 47
218 607 342 694 μᾶλλον
364 599 385 690 ἢ
409 600 467 672 τόν
490 602 624 673 πάντων
646 602 855 674 οἰκειότατον.
898 599 985 674 ὥσθ’
1008 600 1093 694 ἡμᾶς
1116 606 1169 693 μέν

220 709 256 775 έν
284 701 496 794 ἀμφοτέροις,
524 693 550 771 τό
578 700 715 794 ἄνδρες,
745 707 800 773 καλ
835 707 871 773 έν
898 707 946 796 τῷ
973 709 1091 775 δούναι
1121 708 1168 773 καῖ

220 809 256 876 έν
278 808 325 897 τῷ
346 810 462 891 λαβεῖν
483 810 625 884 οἰκείους
653 801 749 884 ὄντας
777 799 948 894 εὑρήσετε,
977 805 1116 885 τούτους
1138 805 1169 873 δέ

219 910 284 977 νύν
301 905 362 994 μέν
379 900 679 994 ἀναισχυντούντας
696 908 751 974 καλ
769 902 830 993 τήν
841 904 1026 994 οἰκειότητα
1044 909 1100 976 καὶ
1117 904 1169 992 τήν

221 1003 409 1095 ἀγχιστείαν
432 1006 602 1093 λέγοντας,
626 1001 678 1074 δτι
692 998 870 1092 Ιλήθεσθαί
883 1035 914 1076 τι
931 1010 1169 1095 προσδοκῶσιν·

223 1111 258 1177 έν
277 1106 314 1175 δε
335 1110 382 1198 τῷ
406 1108 522 1176 δούναι
545 1103 688 1187 πολλούς
709 1099 751 1176 ἀν
773 1106 829 1176 καὶ
850 1122 1022 1196 συγγενεῖς
1044 1110 1101 1177 καλ
1123 1117 1167 1195 φί-

169 1208 170 1214 '
221 1216 299 1287 λους
317 1209 446 1276 ἐκείνου
463 1215 654 1296 προείλοντο
671 1208 897 1297 οἰκειοτέρους.

168 1323 202 1374 48
295 1305 487 1395 Κεφάλαιον
516 1307 554 1378 δὲ
575 1310 643 1376 τιδν
666 1309 864 1397 εἰρημένων,
894 1297 1069 1398 ᾦπύντας
1092 1303 1168 1396 ύμάς

220 1410 392 1499 προσέχειν
411 1407 464 1477 δεῖ
479 1405 537 1477 τόν
553 1410 652 1478 νούν·
670 1405 737 1500 ὅσῳ
760 1406 823 1498 γάρ
846 1403 888 1478 ἀν
905 1411 1009 1477 ταύτα
1026 1411 1169 1497 λέγοντες
1211 1435 1212 1438 ’

219 1504 429 1598 ἀποφαίνωσι
453 1511 508 1577 καὶ
531 1511 708 1598 πειρῶνται
731 1517 863 1578 πείθειν
885 1503 971 1598 ύμάς
989 1504 1033 1590 τός
1052 1515 1169 1586 ἐκεῖνος

222 1611 352 1679 διέθετο
369 1607 489 1688 ταύτας
506 1605 564 1688 τὰς
583 1607 745 1696 διαθήκας
763 1612 818 1678 καὶ
836 1605 922 1678 ούδέ
933 1607 1067 1680 τιόττοτε
1085 1607 1168 1679 ύστε-

221 1738 281 1799 ρον
304 1707 395 1801 αύτςό
422 1711 634 1798 μετεμέλησε,
662 1713 718 1779 καλ
741 1713 805 1780 υῦν
833 1710 895 1799 μὲν
919 1707 1073 1797 ἐβούλετο
1095 1706 1170 1799 ήμιὶς

220 1810 326 1900 μηδὲν
342 1813 409 1880 τόν
427 1805 533 1879 αύτοιῐ
549 1817 680 1897 λαβεῖν,
703 1819 797 1899 σφίσι
817 1807 848 1879 δ’
867 1807 979 1890 αύτοῖς
997 1815 1169 1898 βεβαιῶσαι

169 1930 203 1979 ευ
220 1909 280 1999 τήν
299 1910 444 2001 δωρεάν,
464 1912 639 1980 καὶταῦτα
654 1909 762 1987 πόντοι
778 1914 927 2000 λέγοντες
944 1913 999 1980 καλ
1019 1917 1169 2001 διισχυρι-

221 2010 347 2101 ζόμενοι
375 2015 555 2102 μηδέτερον
577 2008 804 2100 ἀποφαίνωσι,
835 2008 918 2101 μήθ’
944 2007 988 2092 ἀς
1013 2015 1169 2099 ἐγγυτέρω
1210 2073 1211 2080 ε

221 2116 267 2205 τῷ
283 2115 371 2200 γένει
389 2111 591 2203 προσήκουσι
607 2109 690 2203 μήθ’
710 2107 754 2194 ύς
770 2110 968 2202 οἰκειότερον
984 2106 1082 2200 ήμῶν
1099 2108 1170 2201 πρός

221 2211 424 2301 Κλεώνυμον
443 2216 617 2302 διέκειντο,
641 2207 735 2301 ὑμεῖς
760 2217 963 2301 ἐνθυμεῖσθε
979 2208 1029 2282 ὅτι
1047 2217 1170 2283 ἐκείνου

222 2315 478 2402 κατηγορούσιν,
502 2309 575 2382 ἀλλ’
601 2309 661 2402 ούχ
685 2309 729 2395 ὡς
753 2313 883 2384 δίκαιόν
901 2317 967 2382 ἐστι
990 2309 1027 2382 τό
1045 2317 1170 2403 πρᾶγμα

168 2438 203 2488 50
222 2411 437 2484 διδάσκουσιν
453 2409 545 2504 ὑμᾶς.
578 2409 775 2503 ὥσθ’-ὑμεῖς
792 2409 872 2484 ὅταν
889 2415 951 2502 μὲν
965 2429 1036 2494 τοῖς
1048 2412 1170 2484 τούτων

221 2513 329 2602 λόγοις
351 2513 541 2603 πιστεύητε,
565 2511 606 2584 ού
629 2513 765 2596 τούτους
787 2514 943 2605 προσήκει
961 2516 1096 2602 ποιήσαι
1112 2515 1171 2583 τόν

223 2619 351 2686 ἐκείνου
381 2613 622 2706 κληρονόμους,
656 2612 739 2684 ἀλλά
766 2613 951 2706 παράνοιαν
973 2613 1171 2704 Κλεωνύμου

221 2715 515 2807 καταγιγνώσκειν,
537 2713 618 2786 ὅταν
641 2717 679 2785 δέ
700 2732 768 2797 τοῖς
785 2711 971 2806 ἡμετέροις,
996 2714 1126 2785 ἐκεῖνόν
1142 2737 1170 2781 τε
1209 2797 1210 2800 ¹

221 2826 365 2906 νομίζειν
388 2814 498 2908 ὀρθοῖς
528 2820 774 2905 βεβουλεύσθαι
805 2819 904 2885 λύσαι
932 2813 990 2896 τάς
1016 2813 1171 2902 διαθήκας
1209 2803 1210 2820 ¹

222 2917 440 3006 βουλόμενον,
465 2913 547 3005 ἡμᾶς
571 2943 606 2985 τε
628 2915 673 3007 μή
699 2911 922 3005 συκοφαντεῖν
943 2912 1026 2984 ἀλλά
1045 2921 1171 2990 δικαίως

169 3033 200 3084 51
222 3017 349 3088 τούτων
367 3013 595 3107 ἀμφισβητεῖν.
628 3023 755 3107 ἔπειτα,
776 3008 955 3108 ιόάνδρες,
975 3020 1171 3105 ἐνθυμεῖσθε

221 3115 270 3189 ὅτι
289 3115 349 3208 ούχ
372 3115 444 3188 οἷόν
466 3145 501 3188 τε
519 3113 599 3206 ύμῖν
623 3122 690 3188 ἐστι
708 3115 789 3188 κατά
812 3115 888 3198 τούς
911 3116 1038 3188 τούτων
1061 3113 1170 3203 λόγους

222 3223 348 3309 γνῶναι
366 3223 442 3308 περὶ
460 3215 580 3289 αὐτόν.
616 3217 750 3289 πάντων
768 3216 830 3310 γάρ
848 3213 889 3288 ἀν
908 3228 958 3307 εῖη
977 3215 1169 3295 δεινότατον,
1208 3239 1209 3244 ’

224 3328 253 3391 εί
269 3323 336 3391 τεόν
359 3317 538 3392 ἀντιδίκων
561 3317 813 3408 γιγνωσκόντων
835 3314 918 3410 ήμᾶς
942 3324 1070 3387 δίκαιον
1093 3315 1169 3384 εἶναι
1208 3341 1209 3402 ρ

222 3419 258 3492 τό
276 3424 372 3512 μέρος
395 3417 506 3491 αύτιόν
529 3426 660 3510 λαβεῖν,
684 3417 779 3510 ύμεῖς
801 3416 921 3490 ἅπαντ’
946 3415 1066 3496 αύτούς
1090 3423 1170 3504 ἔχειν

222 3531 446 3612 ψηφίσαισθε,
465 3525 519 3592 καί
531 3519 669 3604 τούτους
681 3523 742 3612 μὲν
753 3516 937 3610 ἡγήσαισθε
948 3522 1062 3610 χρῆναι
1074 3521 1168 3586 πλείω
