2450 3950
504 266 631 326 ΒΙΟΣ
1023 267 1044 331 3

94 424 292 529 ἐίομένον’
252 452 311 512 γαρ
331 448 401 492 ποτε
422 411 513 490 αὖτδν
531 430 584 490 τοῦ
604 422 701 509 δήμου
727 423 871 494 σύνδικον
896 423 972 535 ὖπέρ
991 435 1046 496 τοῦ

94 512 127 574 ἐν
149 506 242 597 Δήλῳ
263 514 344 594 ἱεροῦ
363 503 437 595 πρὸς
456 504 512 611 τὴν
530 511 692 614 γενομένηρ
710 504 784 614 πρὸς
806 515 935 614 Δηλίους
950 508 1044 596 Ἀθη-

94 596 188 695 νρίιον
178 593 406 697 διαδικασίαν,
432 587 487 656 οὐκ
494 588 685 697 ἐπέτρεπεν’
669 620 698 697 η
706 587 760 656 ἐν’
752 598 852 700 Αρείμ
868 593 1028 701 πᾶγριβου

94 670 161 781 λέχ,
169 669 230 740 ἄλλ’
248 671 419 742 οἶπείιὶσασα
433 670 525 740 αδτδν
546 672 585 752 ὦς
602 670 659 741 οὐκ
679 674 752 742 ὅντα
774 676 882 743 είίνουν
901 705 997 766 τρι
930 677 1018 762 δ
997 705 1044 768 μμ

94 764 135 846 τῷ
151 754 323 866 Ἀθηνρίαρ
342 755 495 867 Ίπερείδρ
521 762 616 843 λέγειν
640 762 804 865 πρρσέταξε.
846 765 920 844 φασί
946 764 1045 867 μέντρι

94 823 222 920 ιινές’
186 839 279 910 αντδν
280 837 452 949 ἆκουστην
467 845 607 927 γενέσθαι
622 840 784 948 Πίοίιρονός
800 870 831 910 τε
852 847 904 912 καί
918 844 1044 929 Σωκρα-

94 873 1094 1118 mm‘’525225'33232122232ffi22‘21¹⁶

93 1119 176 1178 γεται
191 1095 224 1160 δέ
238 1092 408 1177 δΑίσχίυης
425 1088 561 1200 ἐρρπικδς
576 1096 736 1198 γεγονέναι.
766 1090 854 1173 αὐτὸς
865 1098 898 1162 δέ
912 1091 1044 1202 δΑίσχί·

93 1205 150 1282 γης
166 1180 231 1263 περί
245 1204 299 1243 του
286 1173 467 1283 γένους
433 1203 524 1242 αυτου
510 1179 567 1241 ἐν
582 1203 622 1265 τρι
610 1184 872 1285 παραπρεσβείας
887 1176 1025 1263 φησίν,
1006 1206 1046 1255 ας

94 1258 225 1346 ὁπατηρ
242 1269 333 1326 αυτοῦ
351 1269 520 1366 Ατρομητος
535 1242 660 1368 φατρίας
675 1254 769 1369 μέν
746 1290 786 1345 ην
806 1289 857 1327 και
846 1265 977 1348 γένους
992 1268 1046 1327 τοῦ

90 1340 340 1450 Ἕτεοβουταδριυ,
358 1343 432 1410 οθεν
446 1340 466 1429 ἡ
481 1352 533 1425 τῆς
541 1341 718 1449 Ἀθηνᾶς
680 1371 733 1430 της
743 1347 895 1453 Πολιάδος
910 1348 988 1413 ἐστίν
1005 1347 1045 1409 ίέ-

95 1454 169 1513 ρεια,
180 1431 246 1505 νέος
262 1423 330 1494 δ’“
305 1455 348 1493 αν
359 1426 462 1511 ἥθίει,
473 1431 524 1492 καί
534 1426 630 1533 χρόνω
645 1425 774 1535 ὕστερον
782 1425 837 1515 τὴν
855 1424 988 1496 οδσίαν’
970 1452 1045 1494 απο-

94 1514 181 1589 ίέσας
197 1513 229 1577 ἐν
239 1538 280 1600 τρι
267 1513 367 1577 ’ἐπολ
365 1539 412 1624 μμ
424 1507 585 1590 ἐξέπεσεν
569 1493 696 1577 υπδτοεν
705 1510 880 1598 τριάκοντα,
893 1518 944 1580 καί
958 1533 1044 1598 στρα-

94 1594 248 1702 τευόμενρς
260 1578 303 1661 ἐν
326 1591 409 1682 Ἀσίρι
433 1591 586 1679 ἀριστείαν
611 1589 762 1701 ἦξιαέθη,
771 1600 823 1662 καί
842 1600 875 1663 ἐν
879 1600 1045 1703 Κορίνθῳ

94 1677 167 1761 μετδι
194 1706 251 1784 την
275 1659 420 1745 ἐκπτασιν
448 1682 606 1763 διατρίψας
630 1678 834 1784 συγκατήγαγε
857 1677 910 1747 τὸν
935 1687 1044 1788 δῆμον·

95 1757 286 1866 βιοισαιδΗ
268 1759 493 1847 αναμαρτήτως,
520 1759 597 1826 είναι
618 1756 649 1826 δ
668 1758 758 1867 αυτδγ
781 1766 884 1869 έτρῑν’
869 1764 1045 1868 ευευήκοντα

95 1844 253 1931 τεσσάρων.
290 1848 363 1929 φησί
380 1848 412 1911 δέ
428 1847 479 1910 καί
489 1840 557 1949 τρδς
572 1839 646 1948 πρδς
656 1841 764 1930 μητρδς
781 1843 861 1953 αὑτῷ
856 1845 1044 1952 προσήκρυ-

95 1957 148 2007 τας
169 1933 343 2017 ἐλευθέρους
360 1926 444 1994 είναι
482 1936 541 1993 τῶν
563 1929 595 1993 δέ
616 1924 812 2035 αδείφριν
778 1938 870 1994 αυτοῦ
894 1928 1046 2014 Φιλοχάρη

95 2016 150 2096 μέν
165 2016 198 2079 έν
216 2017 389 2099 γυμνασίοις
411 2016 570 2097 διατρίβειν
590 2015 641 2077 καί
641 2006 729 2117 μετ’
744 2007 928 2118 Ἰφικράτους
943 2017 1045 2117 ἐστρα-

96 2105 220 2163 τεῦσθαι
237 2100 288 2162 καί
290 2104 431 2204 συνεχῶς
446 2103 631 2182 στρατηγεῖν,
641 2089 806 2204 Ἀφόβητρν
822 2093 899 2162 δέ
870 2124 923 2164 τον
936 2095 1044 2245 νερέτοι-
1060 2111 1094 2165 16

95 2207 148 2247 τον
163 2177 262 2247 αὑτῶν
281 2175 411 2262 αδείφου
430 2183 676 2283 πεπρεσβευκέναι
692 2178 782 2287 μέν
763 2208 802 2258 ας
818 2176 1008 2266 βασιλέα’ξί
958 2209 1046 2258 αας

94 2273 149 2349 τῆς
166 2263 290 2349 πόλεως,
316 2266 363 2330 ἐπί
379 2265 413 2330 δέ
431 2272 483 2350 τῆς
501 2261 670 2347 διοικησεας
690 2263 849 2349 γενόμενον
869 2275 965 2346 καλῶς
986 2292 1046 2331 ταν

97 2353 247 2455 δημοσίαν
260 2346 416 2452 προσόδων
431 2350 655 2432 ἐπιμεληθῆναι.
693 2352 761 2435 περί
773 2351 806 2415 δέ
821 2352 927 2416 ἐαυτοῦ
942 2370 1045 2432 φησιν,

97 2429 139 2510 ὦς
164 2435 196 2496 ἐκ
213 2437 329 2498 παίδων
351 2426 545 2538 απαλίαγείς
552 2436 706 2538 περίπολος
728 2440 781 2535 τῆς
798 2427 929 2537 Ἀττρχιῆς
950 2433 1046 2536 χῶρρις

95 2519 209 2622 ἐγένετο
232 2515 286 2582 δυο
291 2519 369 2619 ἐτη,
394 2513 545 2618 έφηβος”
521 2541 577 2580 ων·
606 2506 688 2580 οὗτοι
703 2511 762 2618 γδιρ
782 2510 848 2597 μεθ’
865 2511 967 2581 δπίαν
965 2510 1046 2619 τὴν

95 2598 197 2685 χοέραν
201 2597 404 2704 περιήρχοντο
421 2593 497 2664 κατδι
511 2595 683 2682 πρόσταγμα
703 2595 797 2679 νόμου
839 2599 886 2662 ἐστ
906 2596 1046 2663 ατεύσατο

96 2686 130 2749 δέ
143 2681 264 2768 προέτην
278 2676 479 2787 στρατείαν
448 2708 504 2788 την
521 2683 630 2756 ἐντοῖς
650 2683 749 2763 μέρεσι
770 2622 969 2785 καλουμένην,
995 2681 1046 2743 καί

96 2769 369 2870 συμπαραπέμπων
381 2791 432 2849 μετ
429 2760 647 2870 ’Ἀλκιβιάδου
669 2765 721 2827 καί
741 2789 801 2827 ταν
818 2759 962 2842 ξέναν
930 2790 986 2870 την
1006 2765 1047 2839 είς

99 2857 252 2916 Φλιουντα
272 2874 408 2956 πομπγην,
432 2845 575 2914 κινδυνου
596 2848 629 2912 δέ
649 2848 808 2930 γενομένου
828 2844 946 2933 περί
915 2873 971 2932 την
992 2873 1046 2911 κα-

95 2935 244 3039 λρυμένην
264 2931 404 3038 Νεμεαδα
423 2930 577 3019 χαράδραν
602 2924 776 3010 αξιεπαίνας
797 2934 969 3018 ἐμαχέσατο,
995 2931 1046 2997 καί

95 3014 149 3094 τὰς
165 3015 256 3095 αίλας
276 3012 328 3095 τδις
350 3020 383 3082 ἐκ
400 3021 538 3100 διαδοχῆς
559 3013 676 3095 ἐξόδους
696 3013 793 3120 πρίσας
808 3018 930 3122 ἐξῆλθε,
946 3017 1000 3082 καί
1016 3016 1048 3080 ἐν

95 3106 268 3189 Μαντινείᾳ
282 3105 423 3186 γενναίας
439 3102 610 3207 ἐμαχέσατο,
629 3095 733 3164 καί
701 3126 756 3203 την
773 3101 806 3164 ἐν
823 3098 973 3203 Ταμυναις
990 3096 1047 3181 μυί-

95 3212 152 3290 χην
174 3188 207 3251 ἐν
223 3196 285 3291 τοῖς
306 3187 388 3250 ἐπιίέ
387 3210 481 3289 κτοις,
500 3182 580 3249 εἶδέ
565 3180 759 3294 ἐστεφανώθη
780 3180 950 3288 μαχόμενος.
989 3185 1047 3246 ἐτε-

96 3268 217 3353 λευτησε
235 3263 266 3334 δ
282 3272 424 3351 Αἰσχίνης
444 3262 648 3371 οἷναιρεθεὶς“
631 3260 690 3332 υπδ
705 3260 900 3350 Ἀντιπατρον
921 3271 1047 3331 καταλυ-

95 3359 200 3438 θείσης
215 3361 268 3437 τῆς
283 3349 488 3456 πολιτείας,”
471 3377 518 3420 ατε
539 3354 624 3417 καίο
625 3351 719 3433 ίπερί
735 3351 934 3452 Δημοσθένην
957 3343 1047 3426 ἐξεδὸ·

7 3413 8 3484 ί
94 3447 215 3521 θησαν,
248 3430 396 3522 βεβιακοδς
419 3437 467 3518 ἐτη
489 3432 535 3500 ιε’.
577 3460 667 3519 τριαν
690 3428 767 3496 δέ”
750 3457 844 3496 οντων
870 3429 965 3517 λόγων
989 3437 1049 3500 τῶν

854 3532 896 3595 1*
