2510 3948
334 278 468 339 ΚΑΤΑ
485 278 865 340 ΚΤΗΣΙΦΩΝΤΟΣ.
1003 277 1064 344 131

116 435 271 524 πρύσθεν
281 444 349 505 τῶν
360 437 555 523 ἐπωνύμων,
567 434 646 516 τούς
657 437 693 507 δὲ
704 438 882 522 πρυτάνεις
891 407 999 512 ποιεάυ
1010 444 1066 512 ἐκ·

116 540 257 622 ιιλησίαν
274 534 746 644 ἐπηράύαᾈαςῃμ-οθέταις,
766 537 828 606 τόυ
844 537 877 607 δ’
888 541 1065 628 ἐπιστάτην

115 641 185 702 τῶν
200 639 373 717 προέδρων
390 637 650 721 διαχειροτονίαν
669 634 797 705 διδόναι
814 646 862 726 τῶ
879 638 989 730 δήμφ,
1010 643 1066 709 καὶ

114 731 194 812 τὀὑς
215 731 278 818 μλυ
294 728 445 820 ἀναιρεῖν
460 741 530 802 τῶν
545 735 677 820 νύμων,
698 733 780 816 τούς
793 739 829 806 δὲ
844 747 1064 828 καταλείπειν,
1080 741 1131 798 4³1

114 831 206 912 ὅπως
217 827 261 900 ἀν
272 830 317 912 εἱς
327 824 350 921 ᾗ
359 832 462 919 νόμος
476 837 532 902 καὶ
541 834 586 922 μη
597 842 732 918 πλείους
742 840 817 921 περὶ
826 839 967 926 ἑκάστης
977 841 1065 928 πρά-

115 935 204 1010 ξεως.
226 935 286 998 καί
292 957 349 1017 μοι
360 934 434 1018 λύγε
444 931 522 1012 τούς
532 931 667 1020 νόμους.

506 1039 670 1102 ΝΟΜΟΙ.

59 1141 97 1196 40
138 1083 176 1242 ί
196 1133 241 1196 Εἰ
253 1136 387 1217 τοίνυν,
412 1122 639 1220 ύἏθηυαῑοι,
661 1126 845 1221 άληθήςῆυ
855 1132 874 1202 ὑ
885 1134 1065 1220 παράτού-

114 1253 183 1294 των
192 1228 291 1313 λόγος
301 1230 357 1298 καὶ
372 1222 460 1314 ἦσαν
475 1230 538 1299 δύο
555 1237 701 1318 κείμενοι
716 1231 815 1318 νόμοι
832 1235 908 1319 περὶ
923 1242 992 1301 τῶν
1002 1261 1065 1322 κη-

116 1324 310 1410 ρυγμάτων,
333 1325 539 1416 ἐξάνάγκης,
565 1327 672 1416 οἶμαι,
693 1337 762 1398 τῶν
771 1331 834 1417 μὲν
844 1339 1065 1418 θεσμοθετῶν

115 1422 330 1509 ἐξευρόντων,
340 1432 410 1493 τῶν
420 1429 456 1494 δὲ
465 1427 664 1512 πρυτάνεων
673 1427 873 1498 ἀποδόντων
880 1444 950 1510 τοις
960 1455 1065 1517 νομο-

113 1522 227 1600 θέταις
243 1518 383 1610 ἀνῄρητ’
395 1517 439 1590 ἀν
461 1521 480 1592 ὑ
499 1525 610 1612 ἕτερος
629 1534 697 1594 τῶν
714 1527 846 1615 νύμωυ,
868 1527 942 1615 ἤτοι
965 1525 982 1597 ὁ
1002 1528 1065 1614 τὴν

112 1619 267 1698 ἐξουσίαν
278 1620 430 1699 δεδωκάς
440 1618 588 1692 ἀνειπεῖν
597 1618 648 1708 ἢὸ
661 1621 897 1712 ἀπαγορεύων·
916 1623 1016 1694 ὁπότε
1028 1625 1065 1692 δὲ

111 1719 218 1804 ’μηδὲν
234 1716 363 1785 τούτων
378 1721 565 1803 γεγένηται,
584 1729 738 1806 φανερῶς
747 1724 788 1808 δή
800 1747 866 1791 που
877 1725 1066 1809 ἐξελέγχου-

48 1851 53 1906 '.
111 1841 166 1883 ται
177 1812 220 1881 ού
231 1813 338 1899 μόνον
347 1819 456 1902 ψευδῆ
465 1819 626 1902 λέγοντες,
639 1814 722 1885 ἀλλά
734 1821 789 1887 καὶ
800 1827 969 1896 παντελῶς
979 1817 1065 1906 ἀδύ-

61 1934 95 1986 41
110 1937 199 1982 υατα
208 1912 374 1998 γενέσθαι
395 1911 481 1982 ὅθεν
490 1914 526 1984 δὲ
537 1912 578 2000 δη
589 1912 626 1982 τὺ
639 1919 763 1995 ψεῦδος
773 1923 872 1984 τοῦτο
883 1917 1064 2000 ἐπιφέρου-

110 2033 183 2095 σιν,
205 2008 270 2095 ίγῶ
288 2010 408 2092 διδάξω
424 2008 511 2097 ὑμᾶς
527 2009 715 2100 προειπύν,
738 2003 788 2080 ῶν
803 2013 902 2082 ἕνεκα
918 2015 953 2082 ολ
967 2012 1066 2099 νόμοι

112 2111 277 2194 ἐτέθησαν
293 2111 326 2176 οί
340 2112 501 2196 περὶτῶν
511 2110 603 2199 ἐντῶ
614 2109 749 2200 θεάτρῳ
761 2095 1064 2278 κηρυγμάτωρζγι-

111 2207 288 2292 γυομένων
301 2206 366 2292 γάρ
382 2212 452 2274 τῶν
467 2210 504 2275 ἐν
522 2203 615 2276 ἀστει
633 2212 816 2298 τραγῳδῶν
837 2207 960 2296 άνεκήρ
1022 2207 1064 2277 όν

112 2329 214 2388 τινες,
233 2301 276 2373 ού
290 2309 461 2384 πείσαντες
469 2303 531 2373 τὺυ
541 2309 664 2392 δῆμον,
675 2309 711 2375 οί
717 2308 780 2393 μὲν
789 2305 841 2374 ὅτι
852 2313 1063 2394 στεφανοῦν,
1079 2312 1132 2366 432

15 2397 19 2404 ’
111 2428 166 2470 ται
185 2398 251 2469 ὑπὸ
274 2409 344 2470 τῶν
360 2410 530 2488 φυλετῶν,
551 2405 657 2491 ἕτεροι
673 2401 705 2470 δ’
724 2401 790 2480 ὑπὸ
808 2410 877 2471 τῶν
894 2407 1062 2488 δημοτου·

111 2499 207 2570 άλλοι
224 2502 263 2568 δέ
282 2525 370 2579 τινες
392 2499 681 2588 ὑποκηρυξάμενοι
701 2499 781 2580 τούς
803 2498 916 2569 αὑτῶν
935 2501 1063 2578 οἰκέτας

112 2597 256 2685 ἀφίεσαν
272 2597 537 2684 ἀπελευθέρους,
559 2597 729 2685 μάρτυρας
748 2605 806 2684 τῆς
823 2593 1064 2680 ἀπελευθερίας

61 2709 95 2762 42
111 2694 191 2777 τούς
203 2693 363 2784 Ἓλληνας
384 2693 587 2782 ποιούμενοι.
615 2692 634 2762 ὃ
656 2692 688 2762 δ’
710 2687 755 2781 ἦν
776 2693 1061 2780 ἐπιφθονώτατον,

110 2798 285 2880 προξενίας
294 2793 380 2873 τινὲς
395 2788 572 2880 εὑρημένοι
582 2792 620 2860 ἐν
631 2804 701 2870 ταῖς
710 2794 771 2870 ἔξω
782 2789 897 2860 πόλεσι
908 2790 1063 2875 διεπράτ-

110 2918 208 2961 τοντο
220 2889 502 2979 ἀναγορεύεσθαι,
513 2889 564 2960 ὅτι
576 2903 739 2976 στεφανοῖ
744 2887 895 2971 αὑτοὺςὺ
909 2895 1021 2978 δῆμος,
1033 2893 1064 2956 εί

111 2989 201 3059 οὑτοι
217 2990 326 3078 τύχοι,
348 2988 444 3060 ὁτῶν
457 2988 590 3060 Ῥοδίων
606 2985 630 3077 ἢ
646 2995 739 3060 Χίων
755 2985 778 3077 ἦ
795 2989 961 3075 καὶάλλης
972 2985 1063 3066 τιυός

110 3089 239 3168 πόλεως
264 3086 382 3176 ἀρετῆς
407 3093 505 3160 ἕνεκα
531 3092 587 3159 καὶ
617 3087 853 3175 ἀνδραγαθίας.
884 3088 941 3156 καὶ
965 3084 1062 3156 ταῦτ’

111 3191 275 3271 ἔπραττον
292 3184 353 3272 ούχ
370 3185 483 3271 ῶσπερ
499 3191 533 3256 οἰ
548 3183 615 3256 ὑπὺ
633 3195 691 3272 τῆς
701 3193 825 3274 βουλῆς
836 3192 893 3273 τῆς
903 3183 1063 3274 ὑμετέρας

111 3280 410 3374 στεφανούμενοιῆ
421 3283 487 3353 ὑπὸ
503 3292 566 3353 τοῦ
582 3283 708 3372 δήμου,
729 3291 901 3362 πείσαντες
910 3280 997 3368 ὑμᾶς
1007 3282 1063 3350 καλ

110 3382 192 3470 μετά
213 3390 439 3472 ψηφίσματος,
461 3382 588 3468 πολλὴν
608 3382 705 3468 χάριν
725 3384 961 3466 καταθέμενοι,
986 3377 1061 3447 ἀλλ’

63 3495 98 3551 43
111 3481 205 3551 αὐτοὶ
215 3482 433 3568 προελόμενοι
442 3478 525 3548 ἀνευ
535 3481 697 3566 δόγματος
707 3475 925 3632 ὑμετέρουριὶκ
937 3478 972 3548 δὲ
982 3477 1063 3548 τού-
1078 3489 1129 3547 433
