2510 3948
333 287 466 344 ΚΑΤΑ
487 289 869 354 ΚΤΗΣΙΦΩΝΤΟΣ.
1020 294 1079 358 159

125 447 178 512 ἐπὶ
189 442 250 512 τόν
262 445 430 531 πρόδηλον
440 452 615 529 κίνδυνον;
639 455 745 517 καίτοι
760 479 798 538 γε
810 453 927 542 πρῴην
938 453 1079 528 ἀπετόλ-

125 562 209 627 μησε
221 543 368 628 λέγειν,“
348 572 399 612 οτι
409 569 498 629 παρα
505 573 603 614 τουτο
617 550 830 629 Φίλιππος’
791 578 852 620 ουκ
863 546 999 639 ἡλθεν’
982 584 1078 644 ημων

126 637 227 706 ἐπί
191 666 253 724 την
263 641 393 728 χώραν,
417 641 468 711 ὅτι
479 642 542 712 οὐκ
559 637 603 728 ἡν
615 645 705 734 αὐτῷ
724 649 808 715 ιιαλά
819 675 859 716 τα
849 650 953 737 ίερά.
987 662 1078 733 τίνος

2 804 6 811 ,
126 731 191 804 οὖν
198 743 320 860 ζημίας
336 739 426 821 ἀξιος
441 741 471 809 εί
486 757 613 827 τυχεῖν,
636 737 664 810 ά
681 751 739 832 τῆς
749 742 1077 839 Ἐλλάδοςάλιτήριε;

125 836 205 906 εί
125 864 230 925 εγαρ
243 865 260 906 ο
251 837 332 925 ’μὲν
341 867 473 962 κράτων
485 840 549 910 οὐκ
565 835 673 928 ἡλθεν
685 845 778 923 είς
742 873 804 932 την
813 873 882 916 των
893 857 1078 938 κρατουμέ-

124 963 196 1004 νων
207 937 336 1024 χάραν,
359 937 410 1008 ὅτι
422 938 485 1008 οάιι
495 933 540 1025 ἡν
551 939 643 1008 αάτω
630 941 740 1011 καλά
750 971 791 1011 τοι
780 943 891 1032 ίερά,
915 945 1002 1016 οὐδ’
1018 947 1078 1016 οὐ·
1094 962 1147 1018 522

126 1035 186 1102 δέν
197 1034 359 1119 προειδώς
377 1045 445 1104 τῶν
461 1035 652 1122 μελλόντων
664 1045 800 1109 ἔσεσθαι
811 1045 891 1126 πρὶν
902 1053 1078 1132 καλλιερῆ-

125 1153 181 1200 σαι
195 1159 273 1212 τους
292 1135 492 1220 στρατιώτας
509 1139 704 1225 ἐξέπεμψας,
726 1140 871 1226 πότερον
887 1153 1077 1229 στεφανοῦ-

124 1238 211 1302 σθαί
229 1254 265 1300 σε
287 1239 340 1301 δεῖ
356 1236 409 1302 ἐπὶ
430 1249 501 1314 ταῖς
521 1244 579 1321 τῆς
596 1237 760 1317 πόλεως’
739 1238 927 1324 ατυ”χίαις
906 1269 926 1327 η
944 1240 1076 1326 ὑπερω-

124 1338 254 1414 ρίσθαι;

43 1447 101 1501 132
213 1431 387 1516 Τοιγάρτοι
401 1441 434 1499 τί
441 1439 510 1500 τῶν
520 1431 728 1503 ἀνελπίστων
739 1437 795 1504 παλ
813 1433 1076 1525 ἀπροσδοκήτων

122 1526 174 1614 ἐφ’
187 1526 282 1615 ἡμῶν
293 1528 334 1598 οὗ
346 1535 501 1616 γέγονενς
528 1529 569 1598 οὐ
580 1532 644 1616 γάρ
662 1540 738 1619 βίον
748 1560 786 1619 γε
797 1531 889 1621 ἡμεῖς
900 1532 1077 1623 ἀνθράπι-

123 1653 188 1695 νον
198 1629 424 1716 βεβιώκαμεν,
442 1626 510 1697 ἀλλ’
526 1636 571 1710 είς
586 1637 872 1720 παραδοξολογίαν
881 1651 949 1716 τοῖς
960 1641 1076 1723 ἐσομέ-

121 1753 195 1807 νοις
207 1727 281 1814 pff
293 1726 379 1813 ἡμᾶς
391 1734 528 1814 ἔφυμεν.
563 1725 625 1814 οάχ
638 1727 656 1797 ὁ
675 1731 735 1815 μέν
746 1740 815 1798 τοῖν
825 1740 967 1819 Περσῶν
978 1742 1076 1821 βασι-

120 1828 218 1911 λεὺς,
240 1822 330 1894 ὁτόν
342 1823 440 1903 ’Ἇθω
450 1826 618 1910 διορύξας,
644 1822 662 1892 ὁ
681 1825 990 1913 τὸνἙλλήσποντον
1002 1830 1077 1909 ζεύ-

122 1932 200 2010 ξας,
224 1920 317 2010 ὁγῆν
330 1927 385 1991 καὶ
396 1923 488 2010 ὕδωρ
499 1923 579 2004 τοὺς
590 1921 752 2012 Ἕλληνας
769 1932 887 2010 αἰτῶν,
910 1925 928 1994 ὁ
945 1936 1077 2014 τολμων

121 2027 161 2093 ἐν
193 2035 266 2101 ταῖς,
295 2026 480 2101 ἐπιστολαῖς
511 2022 673 2110 γράφειν,
714 2024 764 2093 ὅτι
797 2025 957 2112 δεσπότης
988 2029 1077 2095 ἐστὶν

123 2121 286 2192 ἁπάντων
297 2119 492 2206 ἀνθρώπων
509 2120 564 2209 ἀφ’
576 2119 674 2208 ἡλίου
685 2122 838 2204 ἀνιόντος
849 2130 943 2211 μέχρι
955 2130 1076 2212 δυομέ-

123 2247 204 2308 νου,
223 2228 289 2290 νῦν
306 2219 349 2290 οά
358 2222 432 2307 περί
449 2229 510 2288 τοῦ
526 2220 641 2310 πόριος
658 2221 874 2308 ἑτέρωνείναι
885 2227 1076 2309 διαγωνίζε-

124 2348 193 2406 ται,
215 2319 283 2391 ἀλλ’
305 2320 376 2443 ἤδη
388 2325 462 2408 περὶ
481 2329 539 2408 τῆς
559 2329 620 2389 τοῦ
638 2323 791 2409 σώματος
811 2330 937 2408 σωτηρί
936 2350 990 2404 αςς
1021 2326 1076 2390 καὶ
1093 2353 1144 2408 523

123 2419 203 2500 τούς
220 2419 342 2500 αὐτους
361 2418 491 2508 ὁρωμεν
513 2428 571 2506 τῆς
587 2446 623 2487 τε
641 2421 737 2507 δόξης
755 2420 875 2504 ταύτης
890 2421 945 2486 παλ
955 2445 1013 2504 της
1023 2422 1076 2487 ἐπὶ

122 2545 184 2587 τον
192 2521 328 2605 Περσην
338 2515 516 2604 ἡγεμονίας
531 2515 746 2602 ἠξιωμένους,
770 2523 803 2583 οἳ
817 2517 873 2583 καὶ
889 2542 927 2583 το
916 2516 976 2584 έν
987 2524 1076 2583 Δελ-

9 2640 107 2695 133
121 2631 199 2702 φοῑς
220 2615 314 2701 ίερδν
332 2615 587 2738 ἠλευθέρωσαν,
619 2620 728 2700 Θῆβαι
749 2613 801 2697 δὲ,
830 2620 952 2698 Θῆβαι,
981 2614 1076 2692 πόλις

124 2713 346 2800 ἀστυγείτων,
364 2711 439 2799 μεθ’
450 2711 578 2799 ἡμέραν
593 2718 674 2796 μίαν
693 2714 729 2778 εἰι
741 2713 842 2796 μέσης
852 2737 910 2797 της
920 2708 1076 2790 Ἑλλάδος

124 2810 349 2899 ἀνήρπασται,
362 2818 392 2880 εί
400 2838 455 2880 και
444 2813 616 2897 διιιαίως,
628 2811 703 2893 περὶ
714 2836 783 2876 των
792 2807 881 2878 ὅλων
893 2807 955 2878 οὐκ
964 2807 1078 2898 ὀρθῶς
1093 2821 1144 2874 524

124 2913 404 3001 βουλευσάμενοι,
437 2909 521 2980 ἀλλά
543 2910 605 2998 τήν
632 2937 669 2996 γε
691 2907 916 2997 θεοβλάβειαν
938 2913 993 2978 καί
1013 2909 1076 2996 τὴν

125 3010 325 3098 ἀφροσύνην
336 3009 398 3080 οὐκ
410 3009 651 3097 ἀνθρωπίνως,
665 3008 748 3079 ἀλλά
763 3013 941 3096 δαιμονίως
951 3008 1076 3095 κτησά-

124 3136 230 3197 μενοι.
258 3110 515 3198 Λακεδαιμόνιοι
526 3111 558 3178 δ’
571 3115 605 3180 οί
619 3120 836 3195 ταλαίπωροι,
858 3110 1076 3197 προσαψάμε-

124 3234 178 3276 νοι
195 3205 302 3296 μόνον
318 3209 448 3276 τούτων
464 3215 532 3276 τῶν
542 3208 745 3293 πραγμάτων
762 3209 795 3286 ἐξ
812 3205 915 3292 ἀρχῆς
925 3210 1000 3289 περὶ
1013 3207 1076 3291 τὴν

123 3313 185 3375 τοῦ
197 3310 291 3392 ίεροῦ
301 3307 504 3393 κατάληψιν,
516 3311 550 3373 οί
559 3313 627 3374 τῶν
640 3304 806 3391 Ἑλλήνων
817 3301 895 3370 ποτὲ
906 3302 1075 3384 ἀξιοῦντες

123 3401 286 3492 ἡγεμόνες
303 3403 404 3490 εἶναι,
426 3412 491 3471 νῦν
507 3401 750 3491 ὁμηρεύσοντες
759 3405 814 3468 καί
829 3409 887 3487 τῆς
902 3409 1077 3489 συμφορᾶς

124 3506 280 3585 ἐπίδειξιν
291 3503 507 3590 ποιησόμενοι
516 3508 695 3570 μέλλουσιν
712 3500 757 3581 ἀς
767 3499 981 3588 Ἁλέξανδρον
991 3500 1075 3570 ἀνα-
