2510 3948
321 321 452 380 RATA
471 309 851 382 εοετειοιιαοοε.
1007 318 1066 386 121

113 477 646 569 ξευίυτρῖτοῖνδικαστοῖυὸρκςο,
668 529 690 566 ,,
698 488 886 568 ψηφιοῦμαι
896 479 980 550 κατὰ
990 504 1069 562 τους

113 577 278 666 νόμους,“
300 579 408 658 ἐμετνό
418 604 456 664 γε
467 571 508 648 εό
517 576 629 663 είδεῖς,
652 575 718 666 ὅτι,
733 576 1069 668 ότανδιατηρηθεῖσιν

71 693 93 749 7
111 679 147 752 οί
160 673 257 762 νόμοι
273 683 312 765 τῇ
328 676 438 761 πόλει,
456 677 591 758 σώζεται
607 671 700 760 ναίὴ
720 679 930 765 δημοκρατία.
969 675 990 748 δ
1005 679 1067 768 χρὴ

113 773 436 860 διαμνημονεύοντας
446 770 532 860 ὑμᾶς
541 784 649 860 μισεῖν
657 769 736 851 τοός
746 770 786 842 τό
798 774 975 862 παράνομα
985 778 1069 862 γρό-

113 895 250 956 φαυτας,
261 874 315 939 καί
323 871 430 958 μηδὲν
439 869 560 958 μικρόν
569 867 725 958 ἡγεῖσθαι
735 869 819 940 εἶναι
828 879 897 940 τοῖν
906 875 1068 944 τοιούτων

112 965 341 1054 ἀδικημάτων,
374 965 442 1036 ἄλλ’
466 969 606 1036 ἕκαστον
627 964 866 1056 ὑπερμέγεθες,
899 974 954 1040 καί
975 973 1067 1042 τοῦθ’
1085 991 1137 1046 39⁰

112 1062 210 1151 ὑμεῖν
219 1063 256 1133 τό
269 1069 400 1136 δίκαιον
415 1068 540 1153 μηδένα
551 1063 745 1153 όνδριόπων
755 1070 971 1158 ἐξαιρεῖσθαι,
987 1072 1069 1160 μήτε
1168 1073 1171 1081 ’

111 1161 170 1241 τὰς
180 1171 249 1231 τοῖν
262 1169 455 1252 στρατηγῶν
465 1169 681 1251 συνηγορίας,
693 1167 787 1236 οίέπί
797 1167 906 1258 πολδν
915 1165 979 1255 ἤδη
989 1171 1069 1258 χρό-

111 1286 174 1329 νον
190 1265 429 1348 συνεργοῦντές
444 1282 508 1330 τισι
525 1270 593 1331 τοῖν
608 1262 762 1351 ῥητόρων
778 1273 995 1353 λυμαίνονται
1005 1266 1068 1356 την

110 1368 297 1450 πολιτείαν,
319 1363 400 1450 μήτε
410 1362 467 1444 τὰς
477 1370 547 1432 τοῖν
557 1363 660 1443 ξένων
671 1365 814 1453 δεήσεις,
838 1363 1070 1458 οόςόναβιβα-
1085 1383 1136 1440 391

111 1460 337 1546 ζόμενοίτιυὲς
348 1463 570 1549 ἐκφεύγουσιν
580 1465 617 1532 ἐκ
627 1470 695 1532 τοῖν
706 1461 942 1552 δικαστηρίων,
960 1468 1068 1551 παρό-

109 1584 217 1646 νυμον
233 1553 399 1630 πολιτείαν
416 1561 678 1645 πολιτευόμενοι·
706 1559 774 1632 ἀλλ’
789 1561 901 1653 ὥσπερ
918 1558 961 1632 όν
972 1562 1068 1651 ὑμεῖν
1170 1582 1185 1605 ·

108 1660 246 1738 ἕκαστος
256 1663 450 1744 αἰσχυνθείη
473 1656 534 1745 τὴν
554 1655 646 1736 τάξιν
662 1659 823 1749 λιπεῖν,“
801 1658 899 1748 ηνοῖυ
910 1669 1019 1752 ταχθῇ
1030 1667 1067 1732 ἐν

109 1778 156 1844 τω
145 1754 416 1843 πολέμω,ουτω
426 1755 482 1824 καί
492 1760 604 1820 ννυα
604 1754 770 1844 σχόνθητε
783 1758 972 1829 ἐκλιπεῖν
937 1786 999 1848 την
1009 1787 1069 1828 τα

108 1857 173 1937 ξεν,
187 1845 416 1936 η’ντίταγδεθ
396 1849 461 1923 υπό
473 1857 541 1920 τοῖν
551 1851 667 1938 νόμων
678 1854 824 1939 φύλακες
835 1865 892 1944 τῆς
902 1862 1070 1944 δημοκρα-

71 1945 501 2036 θτίαςτηυδετὴνημέραν.
521 1945 696 2021 κακείνοδδ
708 1945 1070 2071 χρὴδιαμνημρνεόειυ,

110 2047 161 2116 ότι
172 2073 240 2114 νυν
246 2071 388 2132 απαντες
399 2046 434 2118 οί
442 2056 571 2118 πολίται
580 2049 936 2138 παρακαταθέμενοι
901 2077 962 2138 την
973 2050 1071 2120 πόλιν
1086 2070 1138 2126 392

108 2143 188 2232 ὑμίν
197 2147 254 2216 καί
265 2143 327 2234 τὴν
342 2156 511 2218 πολιτείαν
522 2149 809 2228 διαπιστεύσαντες
820 2151 927 2236 οἱμὲν
937 2150 1069 2236 πάρεισι

109 2243 542 2334 καὶίτακοόουσιτῆσδετῆς
551 2250 742 2334 κρίσεως,οί
751 2245 787 2315 δὲ
796 2246 929 2318 όὶπεισιυ
938 2252 991 2320 ἐπὶ
1001 2256 1069 2318 τῶν
1085 2265 1138 2321 ³9³

109 2344 203 2421 ἰδίων
210 2349 331 2431 ἔργων’
344 2341 403 2426 οὓς
410 2339 640 2433 αίσηυνόμενοι
646 2347 702 2416 καί
708 2352 775 2416 τοῖν
783 2344 905 2432 ὅρκων,
913 2345 972 2426 οὓς
979 2344 1069 2433 οόμό-

108 2459 197 2524 σατε,
207 2443 409 2528 μεμνημένοι
418 2447 473 2512 καί
482 2452 549 2514 τοῖν
560 2442 1069 2531 υόμων,ἐδνίξελέγξωμεν1(τη-

109 2546 259 2626 σιφοῖυτα
270 2542 327 2610 καί
336 2541 513 2628 παράνομα
524 2541 700 2628 γράψαντα
711 2543 766 2608 καὶ,
778 2543 885 2627 ψευδῆ
894 2541 951 2608 καί
960 2537 1069 2628 όσόμ

108 2661 198 2722 φορα
217 2645 258 2726 τῇ
275 2638 384 2724 πόλει,
407 2637 517 2723 λύετε,
541 2631 763 2724 οῖἈδηναίοτ,
784 2635 843 2716 τὰς
853 2639 1068 2726 παρανόμους

106 2734 256 2821 γνώμας,
277 2731 452 2823 βεβαιοῦτε
468 2743 509 2824 τῇ
519 2735 614 2804 πόλει
629 2733 692 2821 την
703 2738 945 2822 δημοκρατίαν,
966 2735 1068 2804 κολό-

106 2836 174 2912 ζετε
186 2831 264 2912 τούς
275 2831 478 2916 ὑπεναντίως
487 2840 533 2923 τῷ
543 2831 636 2923 νόμῳ,
646 2833 702 2900 καί
711 2839 751 2922 τῇ
761 2830 854 2901 πόλει
863 2835 972 2923 καίτρῖ
983 2855 1068 2922 συμ-
1082 2855 1134 2914 394

105 2923 243 3016 φέροντι
253 2939 300 3029 τρῖ
311 2929 457 3022 ὑμετέρην
466 2937 751 3018 πολιτευομένους.
764 2923 829 3000 κόν
839 2931 964 3018 ταύτην
973 2939 1070 3020 ἔχον-

105 3053 159 3108 τες
169 3029 231 3118 τήν
241 3031 393 3107 διόμοιαν
402 3029 566 3119 ἀκούσητε
575 3039 643 3098 τοῖν
655 3029 846 3116 μελλόντων
857 3030 1070 3116 ῥηθήσεσθαι

105 3128 216 3213 λογων
222 3179 232 3213 ,
257 3155 295 3214 ευ
283 3123 411 3200 οἶδ’”
391 3157 442 3199 οτι
459 3135 570 3202 δίκαια
588 3129 694 3197 καί”
655 3130 844 3216 ευορκακαί
855 3131 1069 3217 συμφέροντα

105 3223 186 3312 ὑμίν
196 3225 308 3310 αυτοῖς
319 3239 498 3322 ψηφιεῖσθε
510 3230 565 3297 καί
575 3227 665 3316 παση
675 3253 717 3316 τη
703 3226 829 3296 πόλει.
1151 3291 1155 3302 ,

71 3341 88 3394 9
187 3329 271 3412 Περὶ
291 3319 416 3412 μὲν
373 3351 437 3395 ουν
458 3335 515 3413 τῆς
537 3325 615 3413 όλης
635 3329 832 3411 κατηγορίας
853 3330 991 3412 μετρίως
1010 3350 1067 3410 μοι

103 3424 463 3510 ἐλπίζωπροειρῆσθαι·
476 3418 1070 3528 περίδδαότοῖντοῖννόμων,οίκείν·

103 3505 570 3609 ταιπερίτοῖνυπευθόυωυ,
563 3519 639 3609 παρ’
651 3517 713 3600 οὓς
733 3518 772 3589 τό
793 3519 950 3608 ψήφισμα
968 3546 1068 3590 τουτο
