2474 3946
363 262 497 320 ΚΑΤΑ
528 262 797 321 TIMAPXOY.
1015 261 1056 326 53

17 437 78 492 161
100 424 267 510 είσφέρων
278 424 428 505 ἐπίτιμον
440 418 532 488 εἶναι.
562 419 1058 508 έπειτακαίτήνεύήθειαντού

100 523 206 608 λόγου
227 519 351 587 τούτου
366 518 485 608 ῥᾴδιόν
505 521 594 587 έστιν
614 519 769 598 ἐξετάσαι.
794 520 914 601 πάντες
923 522 989 607 γάρ
1011 519 1055 592 άν

99 616 194 691 τοῦθ’
210 615 490 704 ὁμολογήσαιμεν,
508 613 560 685 ὅτι
571 613 629 694 τάς
640 617 816 704 συνθήκας
826 618 885 697 τάς
896 618 980 708 πρὸς
991 619 1054 688 άλ-

100 719 224 805 ληλους
235 714 492 796 άπιστίαςὲνεκα
503 716 709 804 ποιούμεθα,
732 721 789 786 ἵνα
807 716 882 804 ὁμὴ
902 721 1054 808 παραβάς

100 819 141 887 τά
159 817 369 905 γεγραμμένα
386 820 483 902 δίκην
500 815 586 902 λάβῃ
599 823 640 903 τῇ
651 816 752 906 ψήφῳ
771 817 861 902 παρὰ
873 827 936 887 τού
945 843 1055 906 παρα-

98 918 230 1005 βάντος.
265 913 409 999 οὐκοῦν,
434 923 525 1000 είττερ
541 913 579 982 τὸ
591 922 727 1001 πρᾶγμα
745 918 839 1004 δίκης
849 921 1052 1003 προσδεῖται,

98 1012 262 1095 τοῑςκατοὶ
273 1027 498 1100 γραμματείου
506 1011 738 1102 ἡταιρηκόσιν,
761 1011 1011 1103 άνάδικοῐνται,
1032 1014 1053 1104 ἡ

98 1122 169 1182 τῶν
187 1114 304 1199 νόμων
319 1105 368 1181 τάν
384 1105 481 1181 ούτοί
498 1133 602 1200 φασιν
622 1117 795 1199 ἐπικουρία
816 1122 1052 1184 καταλείπεται.

98 1216 157 1282 καὶ
167 1220 216 1292 τίς
226 1209 271 1281 άν
287 1210 305 1281 ὁ
322 1213 419 1298 λόγος
430 1215 590 1300 ἑκατέραν
605 1220 742 1300 φανείη;
766 1212 810 1300 μὴ
822 1213 888 1299 γάρ
899 1210 958 1282 ὑπ’
970 1220 1054 1302 ἐμοῦ

97 1313 291 1400 λεγόμενον,
299 1311 383 1381 άλλά
392 1314 596 1401 γιγνόμενον
605 1313 642 1382 τὸ
654 1321 790 1400 πράγμα
801 1309 1051 1399 νομίσαθ’ὁράν.

27 1426 78 1480 162
96 1419 184 1480 ἔστω
194 1409 257 1498 γάρ
270 1409 287 1480 ὁ
301 1412 362 1497 μὲν
378 1413 635 1498 μισθωσάμενος
653 1417 780 1491 δίκαιος
796 1417 842 1492 είς
856 1410 894 1479 τὸ
907 1420 1053 1498 πρᾶγμα,

97 1507 119 1579 ὁ
138 1509 174 1578 δὲ
189 1513 374 1596 μισθωθεὶς
389 1511 503 1590 άδικος
519 1513 575 1579 καὶ
592 1509 635 1597 μὴ
652 1515 801 1599 βέβαιος,
822 1509 956 1597 ἢπάλιν
973 1510 1055 1578 τού-
1156 1509 1158 1514 ’

96 1619 237 1681 ναυτίαν
248 1609 266 1680 ὁ
279 1615 340 1697 μὲν
351 1615 536 1696 μισθωθεὶς
547 1614 675 1696 μέτριος
686 1613 741 1679 καί
752 1609 909 1680 ποιοῦντά
920 1606 1053 1697 ὡμολο-

95 1712 236 1796 γημένα,
250 1707 268 1776 ὁ
280 1713 316 1776 δὲ
326 1706 389 1794 τὴν
399 1706 530 1795 ἡλικίαν
541 1707 720 1796 προλαβών
730 1713 786 1780 καὶ
796 1709 1053 1797 μισθωσάμενος

96 1809 274 1889 έηεύσθω·
297 1807 352 1874 καὶ
370 1805 527 1886 δικαστάς
542 1804 628 1894 ὑμᾶς
643 1805 767 1887 αὐτοὺς
789 1809 973 1894 ὑπολάβετε
990 1835 1053 1877 κα-

96 1915 238 1994 θῆσθαι.
284 1902 413 1972 ούκοῦν
433 1903 451 1973 ὁ
473 1906 712 1994 πρεσβύτερος,
745 1903 971 1984 ἀποδοθέντος
991 1913 1053 1974 τοῦ

97 2004 221 2083 ὕδατος
245 2001 336 2095 αύτῷ
358 2007 413 2072 καὶ
434 2004 554 2091 λόγου,
577 2013 772 2093 κατηγορεῖν
793 2005 874 2092 μετὰ
894 2009 1053 2093 σπουδῆς,
1071 2031 1121 2087 16²

30 2125 79 2180 163
96 2110 231 2191 βλέπων
249 2104 405 2190 δηλονότι
422 2104 505 2189 πρός
522 2102 624 2190 ὑμᾶς,
646 2108 746 2186 λέξει·
777 2105 1051 2193 ,,έμισθωσάμην,

99 2196 315 2290 ιδἈθηναϊοι,
331 2210 498 2290 Τίμαρχον
508 2205 649 2290 ἑταιρεῖν
659 2207 790 2294 ἐμαυτῷ
801 2202 884 2272 κατά
896 2203 932 2273 τό
942 2230 1053 2292 γραμ-

98 2317 234 2392 ματεῖον
249 2303 287 2372 τδ
305 2302 395 2390 παρά
413 2305 626 2390 Δημοσθένει
638 2309 840 2390 κείμενον·“
876 2300 1053 2389 ούδὲνγάρ

97 2402 222 2472 κωλύει
231 2401 336 2483 οὕτως
347 2409 517 2490 εἰρῆσθαι·
539 2399 585 2488 ,,ὁ
601 2400 634 2470 δ’
647 2399 689 2471 ού
701 2416 792 2470 ποιεί
798 2427 854 2486 μοι
868 2398 909 2467 τά
922 2397 1054 2485 άμολο-

96 2504 265 2589 γημένα.“
294 2505 351 2571 καὶ
364 2499 454 2570 ταῦτ’
472 2500 535 2586 ἤδη
555 2503 684 2580 διέξεισι
703 2499 857 2586 δηλονότι
874 2496 958 2582 πρὸς
974 2493 1054 2576 τούς

99 2597 255 2680 δικαστάς
272 2597 413 2687 λέγωυά
428 2598 489 2684 χρὴ
501 2597 562 2666 τὸν
571 2603 725 2665 τοιοῦτον
735 2609 852 2664 ποιεῖν.
888 2601 1000 2663 ἔπειτα
1011 2594 1053 2664 ού

98 2698 406 2786 καταλευσθήσεται
423 2695 441 2764 ὁ
453 2696 682 2781 μισθούμενος
694 2694 755 2761 τὸν
770 2693 952 2781 Ἀθηναίου
963 2694 1053 2780 παρὰ

97 2796 178 2878 τούς
189 2798 331 2885 νόμους,
354 2791 1055 2882 καὶπροσοφλάνάπεισινέκτούδικαστη-

99 2903 175 2981 ρίου
186 2894 227 2964 ού
239 2897 301 2982 τὴν
310 2898 495 2983 ἐπωβελίαν
508 2895 632 2981 μόνον,
650 2890 733 2962 άλλά
753 2897 808 2963 καί
818 2894 923 2982 άλλην
934 2895 1053 2983 ύβριν;

41 3015 85 3070 164
98 2993 166 3063 ἄλλ’
180 2993 241 3081 ούχ
260 2986 375 3081 οὗτος,
403 2992 503 3063 ιἰλλ’ὁ
526 2996 711 3080 μισθωθείς
730 2993 900 3075 δικάζεται.
931 2993 1053 3078 λεγέτω

98 3091 137 3181 δὴ
151 3091 365 3177 παρελθώνὸ
378 3093 484 3180 σοφός
494 3094 644 3170 Βάταλος
654 3090 739 3176 ὑπὲρ
756 3083 879 3176 αύτού,
901 3089 941 3158 ἵν’
956 3096 1054 3160 είδω-
1069 3119 1120 3174 153

97 3219 176 3280 μεν,
199 3200 234 3262 τί
252 3190 321 3261 ποτ’
334 3196 409 3283 έρετ.
431 3193 575 3280 ,,άνδρες
597 3193 761 3276 δικασταὶ,
784 3186 992 3277 ἐμισθώσατό
1014 3215 1054 3274 με

99 3295 241 3376 ἑταιρεῖν
251 3289 341 3382 αὑτῷ
354 3291 518 3380 ἀργυρίου
529 3290 842 3378 ὁστισδηποτοῦν·“
873 3284 974 3356 ούδὲν
989 3283 1054 3373 γάρ

99 3397 250 3481 διαφέρει
261 3392 367 3471 οὕτως
379 3397 548 3478 εἰρῆσθαι·
575 3388 696 3478 ,,κάγοδ
709 3389 770 3475 μὲν
787 3385 919 3455 ἅπαντα
929 3387 983 3455 καί
994 3408 1055 3452 πε·-

18 3511 19 3556 ῐ
99 3500 222 3580 ποίηκα
233 3497 288 3561 καὶ
299 3496 347 3560 έτι
357 3492 412 3560 καί
422 3497 489 3559 νύν
505 3496 590 3558 ποιοῖ
605 3486 689 3557 κατὰ
709 3483 747 3554 τδ
766 3497 1006 3573 γραμματεῖον,
1031 3481 1054 3550 ά
