<?xml version="1.0" encoding="UTF-8"?>
<!DOCTYPE html PUBLIC "-//W3C//DTD XHTML 1.0 Transitional//EN"
    "http://www.w3.org/TR/xhtml1/DTD/xhtml1-transitional.dtd">
<html xmlns="http://www.w3.org/1999/xhtml" xml:lang="en" lang="en">
 <head>
  <title>
</title>
<meta http-equiv="Content-Type" content="text/html;charset=utf-8" />
  <meta name='ocr-system' content='tesseract 3.04.00' />
  <meta name='ocr-capabilities' content='ocr_page ocr_carea ocr_par ocr_line ocrx_word'/>
</head>
<body>
  <div class='ocr_page' id='page_1' title='image "./isaeiorationesc00isaegoog_0327.png"; bbox 0 0 2474 3946; ppageno 0'>
   <div class='ocr_carea' id='block_1_1' title="bbox 198 278 807 350">
    <p class='ocr_par' dir='ltr' id='par_1_1' title="bbox 198 278 807 350">
     <span class='ocr_line' id='line_1_1' title="bbox 198 278 807 350; baseline -0.026 1"><span class='ocrx_word' id='word_1_1' title='bbox 198 285 240 350; x_wconf 71' lang='lat'><strong><em>54</em></strong></span> <span class='ocrx_word' id='word_1_2' title='bbox 549 278 807 340; x_wconf 76' lang='grc' dir='ltr'><em>ΑΙΣΧΙΝΟΤ</em></span> 
     </span>
    </p>
   </div>
   <div class='ocr_carea' id='block_1_2' title="bbox 199 427 1149 630">
    <p class='ocr_par' dir='ltr' id='par_1_2' title="bbox 199 427 1149 630">
     <span class='ocr_line' id='line_1_2' title="bbox 199 427 1148 535; baseline -0.019 -18"><span class='ocrx_word' id='word_1_3' title='bbox 199 444 259 535; x_wconf 76' lang='grc' dir='ltr'><strong><em>χρὴ</em></strong></span> <span class='ocrx_word' id='word_1_4' title='bbox 278 455 385 514; x_wconf 99' lang='grc' dir='ltr'><strong><em>ποιεῖν</em></strong></span> <span class='ocrx_word' id='word_1_5' title='bbox 401 439 461 511; x_wconf 83' lang='grc' dir='ltr'><strong><em>τόν</em></strong></span> <span class='ocrx_word' id='word_1_6' title='bbox 478 442 687 526; x_wconf 75' lang='grc' dir='ltr'><em>ἑταιροῦντα·</em></span> <span class='ocrx_word' id='word_1_7' title='bbox 707 427 805 514; x_wconf 82' lang='grc' dir='ltr'><strong><em>οὗτος</em></strong></span> <span class='ocrx_word' id='word_1_8' title='bbox 823 435 858 504; x_wconf 75' lang='grc' dir='ltr'><strong><em>δὲ</em></strong></span> <span class='ocrx_word' id='word_1_9' title='bbox 874 434 1068 520; x_wconf 80' lang='grc' dir='ltr'><strong><em>ὑπερβαίνει</em></strong></span> <span class='ocrx_word' id='word_1_10' title='bbox 1087 435 1148 516; x_wconf 80' lang='grc' dir='ltr'><strong><em>τὰς</em></strong></span> 
     </span>
     <span class='ocr_line' id='line_1_3' title="bbox 199 533 1149 630; baseline -0.012 -18"><span class='ocrx_word' id='word_1_11' title='bbox 199 542 407 630; x_wconf 78' lang='grc' dir='ltr'><strong><em>συνθήκας.“</em></strong></span> <span class='ocrx_word' id='word_1_12' title='bbox 427 538 526 608; x_wconf 75' lang='grc' dir='ltr'><strong><em>ἔπειτ’</em></strong></span> <span class='ocrx_word' id='word_1_13' title='bbox 549 537 590 608; x_wconf 87' lang='grc' dir='ltr'><strong><em>οὐ</em></strong></span> <span class='ocrx_word' id='word_1_14' title='bbox 607 533 710 621; x_wconf 80' lang='grc' dir='ltr'><strong><em>πολλὴ</em></strong></span> <span class='ocrx_word' id='word_1_15' title='bbox 728 534 857 622; x_wconf 76' lang='grc' dir='ltr'><strong><em>κραυγὴ</em></strong></span> <span class='ocrx_word' id='word_1_16' title='bbox 875 533 1044 621; x_wconf 71' lang='grc' dir='ltr'><strong><em>παροίνων</em></strong></span> <span class='ocrx_word' id='word_1_17' title='bbox 1056 538 1149 602; x_wconf 85' lang='grc' dir='ltr'><strong><em>δικα·</em></strong></span> 
     </span>
    </p>
   </div>
   <div class='ocr_carea' id='block_1_3' title="bbox 130 629 1224 3576">
    <p class='ocr_par' dir='ltr' id='par_1_3' title="bbox 200 619 1222 728">
     <span class='ocr_line' id='line_1_4' title="bbox 200 629 1222 728; baseline -0.009 -17"><span class='ocrx_word' id='word_1_18' title='bbox 200 651 288 712; x_wconf 73' lang='grc' dir='ltr'><strong><em>στάν</em></strong></span> <span class='ocrx_word' id='word_1_19' title='bbox 311 639 403 728; x_wconf 76' lang='grc' dir='ltr'><strong><em>αὐτῷ</em></strong></span> <span class='ocrx_word' id='word_1_20' title='bbox 427 638 662 726; x_wconf 74' lang='grc' dir='ltr'><strong><em>άπαυτήσεταις</em></strong></span> <span class='ocrx_word' id='word_1_21' title='bbox 683 643 732 714; x_wconf 87' lang='grc' dir='ltr'><strong><em>τίς</em></strong></span> <span class='ocrx_word' id='word_1_22' title='bbox 751 633 817 720; x_wconf 80' lang='grc' dir='ltr'><strong><em>γάρ</em></strong></span> <span class='ocrx_word' id='word_1_23' title='bbox 840 633 902 704; x_wconf 83' lang='grc' dir='ltr'><strong><em>οὐκ</em></strong></span> <span class='ocrx_word' id='word_1_24' title='bbox 925 637 994 717; x_wconf 85' lang='grc' dir='ltr'><strong><em>έρεῖ</em></strong></span> <span class='ocrx_word' id='word_1_25' title='bbox 1016 639 1148 718; x_wconf 59' lang='grc' dir='ltr'><strong><em>,ἔπειτα</em></strong></span> <span class='ocrx_word' id='word_1_26' title='bbox 1221 629 1222 668; x_wconf 42' lang='grc' dir='ltr'><strong><em>δ</em></strong></span> 
     </span>
    </p>

    <p class='ocr_par' dir='ltr' id='par_1_4' title="bbox 131 728 1223 2011">
     <span class='ocr_line' id='line_1_5' title="bbox 131 728 1149 827; baseline -0.013 -16"><span class='ocrx_word' id='word_1_27' title='bbox 131 747 181 804; x_wconf 69' lang='grc'><strong><em>164</em></strong></span> <span class='ocrx_word' id='word_1_28' title='bbox 201 741 372 827; x_wconf 79' lang='grc' dir='ltr'><strong><em>ἐμβάλλεις</em></strong></span> <span class='ocrx_word' id='word_1_29' title='bbox 382 735 499 825; x_wconf 79' lang='grc' dir='ltr'><strong><em>είςτὴν</em></strong></span> <span class='ocrx_word' id='word_1_30' title='bbox 508 730 666 822; x_wconf 80' lang='grc' dir='ltr'><strong><em>άγορόινῆ</em></strong></span> <span class='ocrx_word' id='word_1_31' title='bbox 679 728 867 819; x_wconf 84' lang='grc' dir='ltr'><strong><em>στεφανοῖῆ</em></strong></span> <span class='ocrx_word' id='word_1_32' title='bbox 878 732 1033 819; x_wconf 77' lang='grc' dir='ltr'><strong><em>πράττεις</em></strong></span> <span class='ocrx_word' id='word_1_33' title='bbox 1042 759 1073 798; x_wconf 83' lang='grc' dir='ltr'><strong><em>τι</em></strong></span> <span class='ocrx_word' id='word_1_34' title='bbox 1082 737 1149 798; x_wconf 71' lang='grc' dir='ltr'><strong><em>τοῖν</em></strong></span> 
     </span>
     <span class='ocr_line' id='line_1_6' title="bbox 202 831 1147 926; baseline -0.016 -17"><span class='ocrx_word' id='word_1_35' title='bbox 202 839 314 908; x_wconf 77' lang='grc' dir='ltr'><strong><em>αὐτῶν</em></strong></span> <span class='ocrx_word' id='word_1_36' title='bbox 328 837 451 926; x_wconf 52' lang='lat' dir='ltr'><em>&#39;‘ww“</em></span> <span class='ocrx_word' id='word_1_37' title='bbox 474 835 601 904; x_wconf 81' lang='grc' dir='ltr'><strong><em>οὐκοῦν</em></strong></span> <span class='ocrx_word' id='word_1_38' title='bbox 619 831 719 902; x_wconf 74' lang='grc' dir='ltr'><strong><em>οὐδὲν</em></strong></span> <span class='ocrx_word' id='word_1_39' title='bbox 734 831 855 918; x_wconf 83' lang='grc' dir='ltr'><strong><em>ὄφελος</em></strong></span> <span class='ocrx_word' id='word_1_40' title='bbox 873 839 931 917; x_wconf 82' lang='grc' dir='ltr'><strong><em>τῆς</em></strong></span> <span class='ocrx_word' id='word_1_41' title='bbox 940 836 1147 916; x_wconf 81' lang='grc' dir='ltr'><strong><em>συγγραφῆς,</em></strong></span> 
     </span>
     <span class='ocr_line' id='line_1_7' title="bbox 199 925 1198 1021; baseline -0.014 -13"><span class='ocrx_word' id='word_1_42' title='bbox 199 941 309 1010; x_wconf 89' lang='grc' dir='ltr'><strong><em>πόθεν</em></strong></span> <span class='ocrx_word' id='word_1_43' title='bbox 326 930 390 1004; x_wconf 79' lang='grc' dir='ltr'><strong><em>οὖν</em></strong></span> <span class='ocrx_word' id='word_1_44' title='bbox 407 947 518 1021; x_wconf 84' lang='grc' dir='ltr'><strong><em>ῖσχυκε</em></strong></span> <span class='ocrx_word' id='word_1_45' title='bbox 535 936 589 1004; x_wconf 81' lang='grc' dir='ltr'><strong><em>καί</em></strong></span> <span class='ocrx_word' id='word_1_46' title='bbox 606 933 753 1018; x_wconf 82' lang='grc' dir='ltr'><strong><em>σύνηθες</em></strong></span> <span class='ocrx_word' id='word_1_47' title='bbox 769 933 941 1016; x_wconf 83' lang='grc' dir='ltr'><strong><em>γεγένηται</em></strong></span> <span class='ocrx_word' id='word_1_48' title='bbox 958 934 1084 1014; x_wconf 87' lang='grc' dir='ltr'><strong><em>λέγειν,</em></strong></span> <span class='ocrx_word' id='word_1_49' title='bbox 1106 925 1149 1004; x_wconf 69' lang='grc' dir='ltr'><strong><em>οἱς</em></strong></span> <span class='ocrx_word' id='word_1_50' title='bbox 1164 955 1198 1009; x_wconf 70' lang='lat'><strong><em>165</em></strong></span> 
     </span>
     <span class='ocr_line' id='line_1_8' title="bbox 198 1022 1147 1122; baseline -0.017 -14"><span class='ocrx_word' id='word_1_51' title='bbox 198 1037 284 1110; x_wconf 77' lang='grc' dir='ltr'><strong><em>κατὰ</em></strong></span> <span class='ocrx_word' id='word_1_52' title='bbox 292 1047 515 1122; x_wconf 87' lang='grc' dir='ltr'><strong><em>γραμματεῖον</em></strong></span> <span class='ocrx_word' id='word_1_53' title='bbox 524 1034 586 1120; x_wconf 81' lang='grc' dir='ltr'><strong><em>ἤδη</em></strong></span> <span class='ocrx_word' id='word_1_54' title='bbox 600 1031 687 1109; x_wconf 79' lang='grc' dir='ltr'><strong><em>τινὲς</em></strong></span> <span class='ocrx_word' id='word_1_55' title='bbox 695 1027 887 1116; x_wconf 79' lang='grc' dir='ltr'><strong><em>ἡταίρησαν,</em></strong></span> <span class='ocrx_word' id='word_1_56' title='bbox 899 1026 963 1114; x_wconf 79' lang='grc' dir='ltr'><strong><em>ἤδη</em></strong></span> <span class='ocrx_word' id='word_1_57' title='bbox 975 1030 1052 1112; x_wconf 77' lang='grc' dir='ltr'><strong><em>έροῐ.</em></strong></span> <span class='ocrx_word' id='word_1_58' title='bbox 1064 1022 1147 1110; x_wconf 74' lang='grc' dir='ltr'><strong><em>ἀνὴρ</em></strong></span> 
     </span>
     <span class='ocr_line' id='line_1_9' title="bbox 198 1123 1147 1219; baseline -0.014 -15"><span class='ocrx_word' id='word_1_59' title='bbox 198 1133 245 1213; x_wconf 77' lang='grc' dir='ltr'><strong><em>εἷς</em></strong></span> <span class='ocrx_word' id='word_1_60' title='bbox 255 1143 323 1203; x_wconf 79' lang='grc' dir='ltr'><strong><em>τεόν</em></strong></span> <span class='ocrx_word' id='word_1_61' title='bbox 338 1141 483 1202; x_wconf 81' lang='grc' dir='ltr'><strong><em>πολιτοόν</em></strong></span> <span class='ocrx_word' id='word_1_62' title='bbox 507 1131 558 1219; x_wconf 86' lang='grc' dir='ltr'><strong><em>(τό</em></strong></span> <span class='ocrx_word' id='word_1_63' title='bbox 578 1131 609 1200; x_wconf 90' lang='grc' dir='ltr'><strong><em>δ’</em></strong></span> <span class='ocrx_word' id='word_1_64' title='bbox 628 1129 735 1216; x_wconf 80' lang='grc' dir='ltr'><strong><em>ὄνομα</em></strong></span> <span class='ocrx_word' id='word_1_65' title='bbox 749 1127 790 1196; x_wconf 80' lang='grc' dir='ltr'><strong><em>οὐ</em></strong></span> <span class='ocrx_word' id='word_1_66' title='bbox 801 1129 897 1207; x_wconf 85' lang='grc' dir='ltr'><strong><em>λέξω·</em></strong></span> <span class='ocrx_word' id='word_1_67' title='bbox 919 1127 978 1206; x_wconf 76' lang='grc' dir='ltr'><strong><em>τὰς</em></strong></span> <span class='ocrx_word' id='word_1_68' title='bbox 990 1125 1057 1212; x_wconf 81' lang='grc' dir='ltr'><strong><em>γάρ</em></strong></span> <span class='ocrx_word' id='word_1_69' title='bbox 1069 1123 1147 1192; x_wconf 82' lang='grc' dir='ltr'><strong><em>άπε-</em></strong></span> 
     </span>
     <span class='ocr_line' id='line_1_10' title="bbox 198 1219 1148 1320; baseline -0.015 -17"><span class='ocrx_word' id='word_1_70' title='bbox 198 1240 312 1320; x_wconf 83' lang='grc' dir='ltr'><strong><em>χθείας</em></strong></span> <span class='ocrx_word' id='word_1_71' title='bbox 331 1233 460 1320; x_wconf 82' lang='grc' dir='ltr'>φεύγω)</span> <span class='ocrx_word' id='word_1_72' title='bbox 484 1229 584 1300; x_wconf 77' lang='grc' dir='ltr'><strong><em>οὐδὲν</em></strong></span> <span class='ocrx_word' id='word_1_73' title='bbox 600 1229 818 1314; x_wconf 70' lang='grc' dir='ltr'><strong><em>προϊδόμενος</em></strong></span> <span class='ocrx_word' id='word_1_74' title='bbox 835 1219 884 1293; x_wconf 70' lang='grc' dir='ltr'><strong><em>οἷν</em></strong></span> <span class='ocrx_word' id='word_1_75' title='bbox 907 1223 1007 1312; x_wconf 78' lang='grc' dir='ltr'><strong><em>ὀλίγῳ</em></strong></span> <span class='ocrx_word' id='word_1_76' title='bbox 1031 1223 1148 1308; x_wconf 84' lang='grc' dir='ltr'><strong><em>πρότε-</em></strong></span> 
     </span>
     <span class='ocr_line' id='line_1_11' title="bbox 202 1321 1148 1418; baseline -0.015 -17"><span class='ocrx_word' id='word_1_77' title='bbox 202 1358 263 1415; x_wconf 87' lang='grc' dir='ltr'><strong><em>ρον</em></strong></span> <span class='ocrx_word' id='word_1_78' title='bbox 275 1329 337 1418; x_wconf 75' lang='grc' dir='ltr'><strong><em>ἐγώ</em></strong></span> <span class='ocrx_word' id='word_1_79' title='bbox 350 1336 526 1417; x_wconf 73' lang='grc' dir='ltr'><strong><em>διεξῆλθον</em></strong></span> <span class='ocrx_word' id='word_1_80' title='bbox 537 1328 621 1411; x_wconf 85' lang='grc' dir='ltr'><strong><em>πρὸς</em></strong></span> <span class='ocrx_word' id='word_1_81' title='bbox 632 1325 729 1414; x_wconf 78' lang='grc' dir='ltr'><strong><em>ὑμᾶς,</em></strong></span> <span class='ocrx_word' id='word_1_82' title='bbox 741 1331 868 1410; x_wconf 87' lang='grc' dir='ltr'><strong><em>λέγεται</em></strong></span> <span class='ocrx_word' id='word_1_83' title='bbox 881 1323 964 1392; x_wconf 79' lang='grc' dir='ltr'><strong><em>κατὰ</em></strong></span> <span class='ocrx_word' id='word_1_84' title='bbox 977 1321 1148 1408; x_wconf 78' lang='grc' dir='ltr'><strong><em>σικιθήαας</em></strong></span> 
     </span>
     <span class='ocr_line' id='line_1_12' title="bbox 199 1417 1148 1516; baseline -0.009 -19"><span class='ocrx_word' id='word_1_85' title='bbox 199 1428 409 1516; x_wconf 79' lang='grc' dir='ltr'><strong><em>ἡταιρηκέναι</em></strong></span> <span class='ocrx_word' id='word_1_86' title='bbox 419 1427 478 1506; x_wconf 82' lang='grc' dir='ltr'><strong><em>τάς</em></strong></span> <span class='ocrx_word' id='word_1_87' title='bbox 487 1425 568 1510; x_wconf 89' lang='grc' dir='ltr'><strong><em>παρ’</em></strong></span> <span class='ocrx_word' id='word_1_88' title='bbox 577 1423 907 1511; x_wconf 81' lang='grc' dir='ltr'><strong><em>Ἀντικλεῖκειμένας,</em></strong></span> <span class='ocrx_word' id='word_1_89' title='bbox 921 1420 984 1490; x_wconf 78' lang='grc' dir='ltr'><strong><em>οὐκ</em></strong></span> <span class='ocrx_word' id='word_1_90' title='bbox 995 1417 1047 1491; x_wconf 77' lang='grc' dir='ltr'><strong><em>τόν</em></strong></span> <span class='ocrx_word' id='word_1_91' title='bbox 1058 1420 1148 1490; x_wconf 76' lang='grc' dir='ltr'><strong><em>ίδιά-</em></strong></span> 
     </span>
     <span class='ocr_line' id='line_1_13' title="bbox 197 1525 1149 1615; baseline -0.012 -19"><span class='ocrx_word' id='word_1_92' title='bbox 197 1556 265 1615; x_wconf 92' lang='grc' dir='ltr'><strong><em>της,</em></strong></span> <span class='ocrx_word' id='word_1_93' title='bbox 277 1528 361 1598; x_wconf 80' lang='grc' dir='ltr'><strong><em>ἀλλὰ</em></strong></span> <span class='ocrx_word' id='word_1_94' title='bbox 372 1527 452 1613; x_wconf 78' lang='grc' dir='ltr'><strong><em>πρὸς</em></strong></span> <span class='ocrx_word' id='word_1_95' title='bbox 462 1525 502 1593; x_wconf 81' lang='grc' dir='ltr'><strong><em>τά</em></strong></span> <span class='ocrx_word' id='word_1_96' title='bbox 514 1525 611 1593; x_wconf 82' lang='grc' dir='ltr'><strong><em>κοινά</em></strong></span> <span class='ocrx_word' id='word_1_97' title='bbox 622 1525 787 1610; x_wconf 77' lang='grc' dir='ltr'><strong><em>προσιών·</em></strong></span> <span class='ocrx_word' id='word_1_98' title='bbox 798 1525 854 1592; x_wconf 79' lang='grc' dir='ltr'><strong><em>καί</em></strong></span> <span class='ocrx_word' id='word_1_99' title='bbox 865 1525 1046 1606; x_wconf 72' lang='grc' dir='ltr'><strong><em>λοιδορίαις</em></strong></span> <span class='ocrx_word' id='word_1_100' title='bbox 1056 1545 1149 1604; x_wconf 81' lang='grc' dir='ltr'><strong><em>περι·</em></strong></span> 
     </span>
     <span class='ocr_line' id='line_1_14' title="bbox 198 1621 1223 1711; baseline -0.009 -18"><span class='ocrx_word' id='word_1_101' title='bbox 198 1634 328 1694; x_wconf 85' lang='grc' dir='ltr'><strong><em>πίπτων</em></strong></span> <span class='ocrx_word' id='word_1_102' title='bbox 345 1631 390 1703; x_wconf 86' lang='grc' dir='ltr'><strong><em>είς</em></strong></span> <span class='ocrx_word' id='word_1_103' title='bbox 409 1625 595 1711; x_wconf 81' lang='grc' dir='ltr'><strong><em>συνήθειαν</em></strong></span> <span class='ocrx_word' id='word_1_104' title='bbox 612 1629 742 1710; x_wconf 87' lang='grc' dir='ltr'><strong><em>ἐποίησε</em></strong></span> <span class='ocrx_word' id='word_1_105' title='bbox 759 1630 821 1690; x_wconf 81' lang='grc' dir='ltr'><strong><em>τοῦ</em></strong></span> <span class='ocrx_word' id='word_1_106' title='bbox 839 1623 942 1708; x_wconf 87' lang='grc' dir='ltr'><strong><em>λόγου</em></strong></span> <span class='ocrx_word' id='word_1_107' title='bbox 952 1621 1079 1690; x_wconf 80' lang='grc' dir='ltr'><strong><em>τούτου</em></strong></span> <span class='ocrx_word' id='word_1_108' title='bbox 1090 1621 1148 1704; x_wconf 81' lang='grc' dir='ltr'><strong><em>την</em></strong></span> <span class='ocrx_word' id='word_1_109' title='bbox 1222 1643 1223 1702; x_wconf 70' lang='grc' dir='ltr'><strong><em>η</em></strong></span> 
     </span>
     <span class='ocr_line' id='line_1_15' title="bbox 198 1723 1149 1810; baseline -0.008 -18"><span class='ocrx_word' id='word_1_110' title='bbox 198 1724 297 1792; x_wconf 89' lang='grc' dir='ltr'><strong><em>πόλιν</em></strong></span> <span class='ocrx_word' id='word_1_111' title='bbox 319 1731 536 1810; x_wconf 75' lang='grc' dir='ltr'><strong><em>καταστῆναι,</em></strong></span> <span class='ocrx_word' id='word_1_112' title='bbox 556 1727 611 1792; x_wconf 78' lang='grc' dir='ltr'><strong><em>καί</em></strong></span> <span class='ocrx_word' id='word_1_113' title='bbox 630 1723 684 1791; x_wconf 79' lang='grc' dir='ltr'><strong><em>διὰ</em></strong></span> <span class='ocrx_word' id='word_1_114' title='bbox 705 1731 803 1790; x_wconf 68' lang='grc' dir='ltr'><strong><em>τοῦτο</em></strong></span> <span class='ocrx_word' id='word_1_115' title='bbox 825 1724 974 1806; x_wconf 72' lang='grc' dir='ltr'><strong><em>ἐρωτῶσί</em></strong></span> <span class='ocrx_word' id='word_1_116' title='bbox 990 1745 1099 1805; x_wconf 88' lang='grc' dir='ltr'><strong><em>τινες,</em></strong></span> <span class='ocrx_word' id='word_1_117' title='bbox 1123 1723 1149 1785; x_wconf 86' lang='grc' dir='ltr'><strong><em>εί</em></strong></span> 
     </span>
     <span class='ocr_line' id='line_1_16' title="bbox 197 1819 1149 1912; baseline -0.002 -20"><span class='ocrx_word' id='word_1_118' title='bbox 197 1821 280 1892; x_wconf 80' lang='grc' dir='ltr'><strong><em>κατὰ</em></strong></span> <span class='ocrx_word' id='word_1_119' title='bbox 291 1839 513 1911; x_wconf 87' lang='grc' dir='ltr'><strong><em>γραμματείου</em></strong></span> <span class='ocrx_word' id='word_1_120' title='bbox 527 1823 548 1912; x_wconf 78' lang='grc' dir='ltr'><em>ἡ</em></span> <span class='ocrx_word' id='word_1_121' title='bbox 561 1831 675 1908; x_wconf 77' lang='grc' dir='ltr'><strong><em>πρᾶξις</em></strong></span> <span class='ocrx_word' id='word_1_122' title='bbox 685 1828 865 1910; x_wconf 84' lang='grc' dir='ltr'><strong><em>γεγένηται.</em></strong></span> <span class='ocrx_word' id='word_1_123' title='bbox 884 1819 902 1890; x_wconf 85' lang='grc' dir='ltr'><strong><em>ό</em></strong></span> <span class='ocrx_word' id='word_1_124' title='bbox 916 1825 952 1890; x_wconf 72' lang='grc' dir='ltr'><strong><em>δέ</em></strong></span> <span class='ocrx_word' id='word_1_125' title='bbox 963 1825 1149 1908; x_wconf 74' lang='grc' dir='ltr'><strong><em>νομοθέτης</em></strong></span> 
     </span>
     <span class='ocr_line' id='line_1_17' title="bbox 200 1918 1149 2011; baseline -0.006 -20"><span class='ocrx_word' id='word_1_126' title='bbox 200 1922 261 2008; x_wconf 80' lang='grc' dir='ltr'><strong><em>οὐχ</em></strong></span> <span class='ocrx_word' id='word_1_127' title='bbox 273 1922 361 2002; x_wconf 82' lang='grc' dir='ltr'><strong><em>ὅπως</em></strong></span> <span class='ocrx_word' id='word_1_128' title='bbox 372 1922 408 1991; x_wconf 89' lang='grc' dir='ltr'><strong><em>τό</em></strong></span> <span class='ocrx_word' id='word_1_129' title='bbox 427 1932 561 2011; x_wconf 81' lang='grc' dir='ltr'><strong><em>πρᾶγμα</em></strong></span> <span class='ocrx_word' id='word_1_130' title='bbox 575 1926 745 2010; x_wconf 87' lang='grc' dir='ltr'><strong><em>γεγένηται</em></strong></span> <span class='ocrx_word' id='word_1_131' title='bbox 764 1923 975 2008; x_wconf 84' lang='grc' dir='ltr'><strong><em>ἐφρόντισεν,</em></strong></span> <span class='ocrx_word' id='word_1_132' title='bbox 998 1918 1077 1988; x_wconf 81' lang='grc' dir='ltr'><strong><em>ἀλλ’</em></strong></span> <span class='ocrx_word' id='word_1_133' title='bbox 1092 1918 1149 1988; x_wconf 83' lang='grc' dir='ltr'><strong><em>έάν</em></strong></span> 
     </span>
    </p>

    <p class='ocr_par' dir='ltr' id='par_1_5' title="bbox 130 2019 1150 2204">
     <span class='ocr_line' id='line_1_18' title="bbox 130 2019 1150 2109; baseline 0 -25"><span class='ocrx_word' id='word_1_134' title='bbox 130 2030 179 2086; x_wconf 82' lang='grc'><strong><em>165</em></strong></span> <span class='ocrx_word' id='word_1_135' title='bbox 197 2019 355 2089; x_wconf 78' lang='grc' dir='ltr'><strong><em>ὁπωσοῦν</em></strong></span> <span class='ocrx_word' id='word_1_136' title='bbox 366 2030 527 2106; x_wconf 82' lang='grc' dir='ltr'><strong><em>μίσθωσις</em></strong></span> <span class='ocrx_word' id='word_1_137' title='bbox 536 2025 679 2109; x_wconf 88' lang='grc' dir='ltr'><strong><em>γένηται,</em></strong></span> <span class='ocrx_word' id='word_1_138' title='bbox 692 2024 878 2106; x_wconf 89' lang='grc' dir='ltr'><strong><em>κατέγνωκε</em></strong></span> <span class='ocrx_word' id='word_1_139' title='bbox 888 2028 949 2090; x_wconf 83' lang='grc' dir='ltr'><strong><em>τοῦ</em></strong></span> <span class='ocrx_word' id='word_1_140' title='bbox 961 2020 1150 2103; x_wconf 80' lang='grc' dir='ltr'><strong><em>πράξαντος</em></strong></span> 
     </span>
     <span class='ocr_line' id='line_1_19' title="bbox 197 2119 367 2204; baseline 0.012 -20"><span class='ocrx_word' id='word_1_141' title='bbox 197 2119 367 2204; x_wconf 80' lang='grc' dir='ltr'><strong><em>αίσχόυην.</em></strong></span> 
     </span>
    </p>

    <p class='ocr_par' dir='ltr' id='par_1_6' title="bbox 193 2213 1224 3576">
     <span class='ocr_line' id='line_1_20' title="bbox 279 2213 1201 2305; baseline -0.002 -22"><span class='ocrx_word' id='word_1_142' title='bbox 279 2213 366 2284; x_wconf 81' lang='grc' dir='ltr'><strong><em>Ἀλλ’</em></strong></span> <span class='ocrx_word' id='word_1_143' title='bbox 392 2216 481 2302; x_wconf 85' lang='grc' dir='ltr'><strong><em>ὅμως</em></strong></span> <span class='ocrx_word' id='word_1_144' title='bbox 507 2217 596 2286; x_wconf 81' lang='grc' dir='ltr'><strong><em>οὕτω</em></strong></span> <span class='ocrx_word' id='word_1_145' title='bbox 623 2227 739 2305; x_wconf 73' lang='grc' dir='ltr'><strong><em>σαφεῖς</em></strong></span> <span class='ocrx_word' id='word_1_146' title='bbox 763 2218 892 2286; x_wconf 82' lang='grc' dir='ltr'><strong><em>τούτων</em></strong></span> <span class='ocrx_word' id='word_1_147' title='bbox 919 2219 1148 2304; x_wconf 79' lang='grc' dir='ltr'><strong><em>διωρισμένων</em></strong></span> <span class='ocrx_word' id='word_1_148' title='bbox 1165 2241 1201 2297; x_wconf 77' lang='lat'><strong><em>166</em></strong></span> 
     </span>
     <span class='ocr_line' id='line_1_21' title="bbox 197 2308 1224 2404; baseline 0 -22"><span class='ocrx_word' id='word_1_149' title='bbox 197 2316 315 2384; x_wconf 79' lang='grc' dir='ltr'><strong><em>πολλαὶ</em></strong></span> <span class='ocrx_word' id='word_1_150' title='bbox 325 2319 530 2402; x_wconf 80' lang='grc' dir='ltr'><strong><em>παρεμβολαὶ</em></strong></span> <span class='ocrx_word' id='word_1_151' title='bbox 545 2316 655 2400; x_wconf 91' lang='grc' dir='ltr'><strong><em>λόγων</em></strong></span> <span class='ocrx_word' id='word_1_152' title='bbox 671 2315 738 2385; x_wconf 81' lang='grc' dir='ltr'><strong><em>ὑπὸ</em></strong></span> <span class='ocrx_word' id='word_1_153' title='bbox 750 2319 993 2404; x_wconf 83' lang='grc' dir='ltr'><strong><em>Δημοσθένους</em></strong></span> <span class='ocrx_word' id='word_1_154' title='bbox 1003 2310 1150 2400; x_wconf 78' lang='grc' dir='ltr'><strong><em>εὑρεθή-</em></strong></span> <span class='ocrx_word' id='word_1_155' title='bbox 1223 2308 1224 2364; x_wconf 58' lang='grc' dir='ltr'><strong><em>δ</em></strong></span> 
     </span>
     <span class='ocr_line' id='line_1_22' title="bbox 199 2413 1150 2503; baseline -0.002 -21"><span class='ocrx_word' id='word_1_156' title='bbox 199 2434 323 2482; x_wconf 90' lang='grc' dir='ltr'><strong><em>σονται.</em></strong></span> <span class='ocrx_word' id='word_1_157' title='bbox 342 2415 397 2484; x_wconf 81' lang='grc' dir='ltr'><strong><em>καὶ</em></strong></span> <span class='ocrx_word' id='word_1_158' title='bbox 406 2429 476 2496; x_wconf 88' lang='grc' dir='ltr'><strong><em>ταῖς</em></strong></span> <span class='ocrx_word' id='word_1_159' title='bbox 489 2416 551 2503; x_wconf 75' lang='grc' dir='ltr'><strong><em>μὲν</em></strong></span> <span class='ocrx_word' id='word_1_160' title='bbox 561 2413 645 2501; x_wconf 72' lang='grc' dir='ltr'><strong><em>ὑπὲρ</em></strong></span> <span class='ocrx_word' id='word_1_161' title='bbox 661 2425 723 2484; x_wconf 83' lang='grc' dir='ltr'><strong><em>τοῦ</em></strong></span> <span class='ocrx_word' id='word_1_162' title='bbox 734 2417 925 2502; x_wconf 86' lang='grc' dir='ltr'><strong><em>πράγματος</em></strong></span> <span class='ocrx_word' id='word_1_163' title='bbox 935 2421 1150 2500; x_wconf 80' lang='grc' dir='ltr'><strong><em>κακοηθείαις</em></strong></span> 
     </span>
     <span class='ocr_line' id='line_1_23' title="bbox 196 2506 1149 2603; baseline -0.004 -21"><span class='ocrx_word' id='word_1_164' title='bbox 196 2518 389 2602; x_wconf 77' lang='grc' dir='ltr'><strong><em>λεγομέναις</em></strong></span> <span class='ocrx_word' id='word_1_165' title='bbox 404 2506 505 2602; x_wconf 78' lang='grc' dir='ltr'><strong><em>ἧττον</em></strong></span> <span class='ocrx_word' id='word_1_166' title='bbox 521 2515 565 2584; x_wconf 83' lang='grc' dir='ltr'><strong><em>άν</em></strong></span> <span class='ocrx_word' id='word_1_167' title='bbox 580 2542 629 2594; x_wconf 88' lang='grc' dir='ltr'><strong><em>τις</em></strong></span> <span class='ocrx_word' id='word_1_168' title='bbox 645 2513 917 2603; x_wconf 76' lang='grc' dir='ltr'><strong><em>ἀγανακτήσειεν·</em></strong></span> <span class='ocrx_word' id='word_1_169' title='bbox 941 2510 1010 2580; x_wconf 70' lang='grc' dir='ltr'><strong><em>ἃδέ</em></strong></span> <span class='ocrx_word' id='word_1_170' title='bbox 1021 2517 1149 2592; x_wconf 76' lang='grc' dir='ltr'><strong><em>ἔξωθεν</em></strong></span> 
     </span>
     <span class='ocr_line' id='line_1_24' title="bbox 196 2610 1148 2700; baseline -0.002 -22"><span class='ocrx_word' id='word_1_171' title='bbox 196 2610 397 2691; x_wconf 77' lang='grc' dir='ltr'><strong><em>ἐπεισάξεται</em></strong></span> <span class='ocrx_word' id='word_1_172' title='bbox 414 2611 657 2699; x_wconf 85' lang='grc' dir='ltr'><strong><em>λυμαινόμενος</em></strong></span> <span class='ocrx_word' id='word_1_173' title='bbox 672 2611 712 2681; x_wconf 82' lang='grc' dir='ltr'><strong><em>τά</em></strong></span> <span class='ocrx_word' id='word_1_174' title='bbox 729 2621 786 2700; x_wconf 79' lang='grc' dir='ltr'><strong><em>τῆς</em></strong></span> <span class='ocrx_word' id='word_1_175' title='bbox 804 2612 932 2690; x_wconf 84' lang='grc' dir='ltr'><strong><em>πόλεως</em></strong></span> <span class='ocrx_word' id='word_1_176' title='bbox 943 2615 1071 2690; x_wconf 85' lang='grc' dir='ltr'><strong><em>δίκαια,</em></strong></span> <span class='ocrx_word' id='word_1_177' title='bbox 1096 2612 1148 2680; x_wconf 81' lang='grc' dir='ltr'><strong><em>έπί</em></strong></span> 
     </span>
     <span class='ocr_line' id='line_1_25' title="bbox 198 2705 1149 2796; baseline -0.001 -19"><span class='ocrx_word' id='word_1_178' title='bbox 198 2709 328 2788; x_wconf 81' lang='grc' dir='ltr'><strong><em>τούτοις</em></strong></span> <span class='ocrx_word' id='word_1_179' title='bbox 345 2710 439 2790; x_wconf 81' lang='grc' dir='ltr'><strong><em>άξιόν</em></strong></span> <span class='ocrx_word' id='word_1_180' title='bbox 455 2715 545 2779; x_wconf 91' lang='grc' dir='ltr'><strong><em>έστιν</em></strong></span> <span class='ocrx_word' id='word_1_181' title='bbox 561 2709 768 2796; x_wconf 75' lang='grc' dir='ltr'><strong><em>ὀργισθῆναι.</em></strong></span> <span class='ocrx_word' id='word_1_182' title='bbox 792 2709 895 2788; x_wconf 81' lang='grc' dir='ltr'><strong><em>πολὺς</em></strong></span> <span class='ocrx_word' id='word_1_183' title='bbox 906 2711 967 2795; x_wconf 76' lang='grc' dir='ltr'><strong><em>μὲν</em></strong></span> <span class='ocrx_word' id='word_1_184' title='bbox 979 2707 1044 2794; x_wconf 80' lang='grc' dir='ltr'><strong><em>γὰρ</em></strong></span> <span class='ocrx_word' id='word_1_185' title='bbox 1056 2705 1075 2778; x_wconf 90' lang='grc' dir='ltr'>ὁ</span> <span class='ocrx_word' id='word_1_186' title='bbox 1089 2715 1149 2776; x_wconf 85' lang='grc' dir='ltr'><strong><em>Φί-</em></strong></span> 
     </span>
     <span class='ocr_line' id='line_1_26' title="bbox 198 2804 1148 2894; baseline 0.002 -24"><span class='ocrx_word' id='word_1_187' title='bbox 198 2814 317 2882; x_wconf 88' lang='grc' dir='ltr'><strong><em>λιππος</em></strong></span> <span class='ocrx_word' id='word_1_188' title='bbox 337 2811 443 2892; x_wconf 78' lang='grc' dir='ltr'><strong><em>ἔσται,</em></strong></span> <span class='ocrx_word' id='word_1_189' title='bbox 470 2807 731 2894; x_wconf 81' lang='grc' dir='ltr'><strong><em>άναμιχθήσεται</em></strong></span> <span class='ocrx_word' id='word_1_190' title='bbox 754 2808 790 2876; x_wconf 72' lang='grc' dir='ltr'><strong><em>δὲ</em></strong></span> <span class='ocrx_word' id='word_1_191' title='bbox 812 2809 867 2876; x_wconf 81' lang='grc' dir='ltr'><strong><em>καί</em></strong></span> <span class='ocrx_word' id='word_1_192' title='bbox 887 2805 923 2875; x_wconf 85' lang='grc' dir='ltr'><strong><em>τό</em></strong></span> <span class='ocrx_word' id='word_1_193' title='bbox 948 2814 1009 2874; x_wconf 86' lang='grc' dir='ltr'><strong><em>τοῦ</em></strong></span> <span class='ocrx_word' id='word_1_194' title='bbox 1033 2804 1148 2882; x_wconf 87' lang='grc' dir='ltr'><strong><em>παιδός</em></strong></span> 
     </span>
     <span class='ocr_line' id='line_1_27' title="bbox 196 2897 1148 2992; baseline 0 -22"><span class='ocrx_word' id='word_1_195' title='bbox 196 2897 303 2985; x_wconf 87' lang='grc' dir='ltr'><strong><em>όνομα</em></strong></span> <span class='ocrx_word' id='word_1_196' title='bbox 319 2899 545 2987; x_wconf 83' lang='grc' dir='ltr'><strong><em>Ἀλεξάνδρου.</em></strong></span> <span class='ocrx_word' id='word_1_197' title='bbox 566 2903 703 2992; x_wconf 76' lang='grc' dir='ltr'><strong><em>καὶγὰρ</em></strong></span> <span class='ocrx_word' id='word_1_198' title='bbox 719 2903 801 2990; x_wconf 84' lang='grc' dir='ltr'><strong><em>πρὸς</em></strong></span> <span class='ocrx_word' id='word_1_199' title='bbox 817 2918 886 2984; x_wconf 87' lang='grc' dir='ltr'><strong><em>τοῖς</em></strong></span> <span class='ocrx_word' id='word_1_200' title='bbox 902 2902 1015 2982; x_wconf 82' lang='grc' dir='ltr'><strong><em>άλλοις</em></strong></span> <span class='ocrx_word' id='word_1_201' title='bbox 1036 2915 1148 2979; x_wconf 81' lang='grc' dir='ltr'><strong><em>κακοῖς</em></strong></span> 
     </span>
     <span class='ocr_line' id='line_1_28' title="bbox 195 2991 1200 3083; baseline 0.002 -21"><span class='ocrx_word' id='word_1_202' title='bbox 195 2993 342 3081; x_wconf 87' lang='grc' dir='ltr'><strong><em>άμουσός</em></strong></span> <span class='ocrx_word' id='word_1_203' title='bbox 359 3022 407 3076; x_wconf 88' lang='grc' dir='ltr'><strong><em>τις</em></strong></span> <span class='ocrx_word' id='word_1_204' title='bbox 424 2991 521 3076; x_wconf 79' lang='grc' dir='ltr'><strong><em>οὗτος</em></strong></span> <span class='ocrx_word' id='word_1_205' title='bbox 538 3002 593 3067; x_wconf 85' lang='grc' dir='ltr'><strong><em>καὶ</em></strong></span> <span class='ocrx_word' id='word_1_206' title='bbox 608 2998 805 3080; x_wconf 76' lang='grc' dir='ltr'><strong><em>ἀπαίδευτος</em></strong></span> <span class='ocrx_word' id='word_1_207' title='bbox 815 2996 998 3083; x_wconf 75' lang='grc' dir='ltr'><strong><em>ἅνθρωπός</em></strong></span> <span class='ocrx_word' id='word_1_208' title='bbox 1008 3002 1088 3068; x_wconf 80' lang='grc' dir='ltr'><strong><em>ἐστι.</em></strong></span> <span class='ocrx_word' id='word_1_209' title='bbox 1111 2994 1145 3065; x_wconf 84' lang='grc' dir='ltr'><strong><em>τό</em></strong></span> <span class='ocrx_word' id='word_1_210' title='bbox 1163 3022 1200 3082; x_wconf 71' lang='lat'><strong><em>167</em></strong></span> 
     </span>
     <span class='ocr_line' id='line_1_29' title="bbox 195 3091 1145 3188; baseline 0.004 -28"><span class='ocrx_word' id='word_1_211' title='bbox 195 3092 257 3177; x_wconf 72' lang='grc' dir='ltr'><strong><em>μὲν</em></strong></span> <span class='ocrx_word' id='word_1_212' title='bbox 266 3091 331 3178; x_wconf 80' lang='grc' dir='ltr'><strong><em>γὰρ</em></strong></span> <span class='ocrx_word' id='word_1_213' title='bbox 343 3100 390 3174; x_wconf 90' lang='grc' dir='ltr'><strong><em>είς</em></strong></span> <span class='ocrx_word' id='word_1_214' title='bbox 400 3092 460 3163; x_wconf 85' lang='grc' dir='ltr'><strong><em>τόν</em></strong></span> <span class='ocrx_word' id='word_1_215' title='bbox 470 3103 637 3165; x_wconf 87' lang='grc' dir='ltr'><strong><em>Φίλιππον</em></strong></span> <span class='ocrx_word' id='word_1_216' title='bbox 647 3106 693 3188; x_wconf 74' lang='grc' dir='ltr'><strong><em>τῷ</em></strong></span> <span class='ocrx_word' id='word_1_217' title='bbox 705 3099 793 3187; x_wconf 77' lang='grc' dir='ltr'><strong><em>λόγῳ</em></strong></span> <span class='ocrx_word' id='word_1_218' title='bbox 805 3104 1006 3184; x_wconf 84' lang='grc' dir='ltr'><strong><em>πλημμελεῖν</em></strong></span> <span class='ocrx_word' id='word_1_219' title='bbox 1016 3095 1145 3183; x_wconf 72' lang='grc' dir='ltr'><strong><em>ἀμαθὲς</em></strong></span> 
     </span>
     <span class='ocr_line' id='line_1_30' title="bbox 194 3187 1145 3281; baseline 0.002 -24"><span class='ocrx_word' id='word_1_220' title='bbox 194 3189 256 3274; x_wconf 82' lang='grc' dir='ltr'><strong><em>μὲν</em></strong></span> <span class='ocrx_word' id='word_1_221' title='bbox 273 3192 328 3260; x_wconf 82' lang='grc' dir='ltr'><strong><em>καί</em></strong></span> <span class='ocrx_word' id='word_1_222' title='bbox 344 3189 499 3278; x_wconf 87' lang='grc' dir='ltr'><strong><em>άκαιρον,</em></strong></span> <span class='ocrx_word' id='word_1_223' title='bbox 522 3199 657 3263; x_wconf 77' lang='grc' dir='ltr'><strong><em>ἔλαττον</em></strong></span> <span class='ocrx_word' id='word_1_224' title='bbox 674 3194 706 3263; x_wconf 89' lang='grc' dir='ltr'><strong><em>δ’</em></strong></span> <span class='ocrx_word' id='word_1_225' title='bbox 726 3187 770 3263; x_wconf 82' lang='grc' dir='ltr'><strong><em>οό</em></strong></span> <span class='ocrx_word' id='word_1_226' title='bbox 785 3199 892 3281; x_wconf 83' lang='grc' dir='ltr'><strong><em>μέλλω</em></strong></span> <span class='ocrx_word' id='word_1_227' title='bbox 911 3195 1021 3280; x_wconf 87' lang='grc' dir='ltr'><strong><em>λέγειν</em></strong></span> <span class='ocrx_word' id='word_1_228' title='bbox 1037 3191 1145 3278; x_wconf 79' lang='grc' dir='ltr'><strong><em>ἁμάρ-</em></strong></span> 
     </span>
     <span class='ocr_line' id='line_1_31' title="bbox 193 3284 1145 3379; baseline -0.002 -23"><span class='ocrx_word' id='word_1_229' title='bbox 193 3313 293 3374; x_wconf 87' lang='grc' dir='ltr'><strong><em>τημα·</em></strong></span> <span class='ocrx_word' id='word_1_230' title='bbox 316 3287 590 3377; x_wconf 81' lang='grc' dir='ltr'><strong><em>ὁμολογουμένως</em></strong></span> <span class='ocrx_word' id='word_1_231' title='bbox 601 3291 664 3377; x_wconf 82' lang='grc' dir='ltr'><strong><em>γάρ</em></strong></span> <span class='ocrx_word' id='word_1_232' title='bbox 681 3298 727 3372; x_wconf 87' lang='grc' dir='ltr'><strong><em>είς</em></strong></span> <span class='ocrx_word' id='word_1_233' title='bbox 743 3291 866 3379; x_wconf 77' lang='grc' dir='ltr'><strong><em>ἄνδρα,</em></strong></span> <span class='ocrx_word' id='word_1_234' title='bbox 887 3296 1006 3377; x_wconf 87' lang='grc' dir='ltr'><strong><em>καίπερ</em></strong></span> <span class='ocrx_word' id='word_1_235' title='bbox 1024 3288 1088 3356; x_wconf 85' lang='grc' dir='ltr'><strong><em>οόιι</em></strong></span> <span class='ocrx_word' id='word_1_236' title='bbox 1099 3284 1145 3356; x_wconf 77' lang='grc' dir='ltr'><strong><em>δν</em></strong></span> 
     </span>
     <span class='ocr_line' id='line_1_32' title="bbox 193 3383 1143 3476; baseline 0.001 -25"><span class='ocrx_word' id='word_1_237' title='bbox 193 3383 294 3466; x_wconf 81' lang='grc' dir='ltr'><strong><em>αὐτὸς</em></strong></span> <span class='ocrx_word' id='word_1_238' title='bbox 305 3384 408 3475; x_wconf 77' lang='grc' dir='ltr'><strong><em>άνηρ,</em></strong></span> <span class='ocrx_word' id='word_1_239' title='bbox 429 3389 487 3468; x_wconf 82' lang='grc' dir='ltr'><strong><em>τὰς</em></strong></span> <span class='ocrx_word' id='word_1_240' title='bbox 502 3395 712 3476; x_wconf 80' lang='grc' dir='ltr'><strong><em>βλασφημίας</em></strong></span> <span class='ocrx_word' id='word_1_241' title='bbox 724 3390 909 3475; x_wconf 81' lang='grc' dir='ltr'><strong><em>ποιήσεται·</em></strong></span> <span class='ocrx_word' id='word_1_242' title='bbox 932 3385 1015 3456; x_wconf 82' lang='grc' dir='ltr'><strong><em>ὅταν</em></strong></span> <span class='ocrx_word' id='word_1_243' title='bbox 1028 3388 1064 3458; x_wconf 77' lang='grc' dir='ltr'><strong><em>δὲ</em></strong></span> <span class='ocrx_word' id='word_1_244' title='bbox 1076 3399 1143 3462; x_wconf 84' lang='grc' dir='ltr'><strong><em>ταῖς</em></strong></span> 
     </span>
     <span class='ocr_line' id='line_1_33' title="bbox 193 3482 1141 3576; baseline 0.008 -32"><span class='ocrx_word' id='word_1_245' title='bbox 193 3484 239 3556; x_wconf 90' lang='grc' dir='ltr'><strong><em>είς</em></strong></span> <span class='ocrx_word' id='word_1_246' title='bbox 256 3482 315 3548; x_wconf 86' lang='grc' dir='ltr'><strong><em>τὸν</em></strong></span> <span class='ocrx_word' id='word_1_247' title='bbox 332 3489 431 3552; x_wconf 87' lang='grc' dir='ltr'><strong><em>παῖδα</em></strong></span> <span class='ocrx_word' id='word_1_248' title='bbox 449 3491 793 3572; x_wconf 86' lang='grc' dir='ltr'><strong><em>πεπραγματευμέναις</em></strong></span> <span class='ocrx_word' id='word_1_249' title='bbox 804 3499 1005 3576; x_wconf 85' lang='grc' dir='ltr'><strong><em>μεταφοραῖς</em></strong></span> <span class='ocrx_word' id='word_1_250' title='bbox 1015 3483 1141 3570; x_wconf 87' lang='grc' dir='ltr'><strong><em>όνομό-</em></strong></span> 
     </span>
    </p>
   </div>
   <div class='ocr_carea' id='block_1_4' title="bbox 0 0 1242 3946">
    <p class='ocr_par' dir='ltr' id='par_1_7' title="bbox 0 0 1242 3946">
     <span class='ocr_line' id='line_1_34' title="bbox 0 0 1242 3946; baseline 0 0"><span class='ocrx_word' id='word_1_251' title='bbox 0 0 1242 3946; x_wconf 95' lang='lat' dir='ltr'><strong><em> </em></strong></span> 
     </span>
    </p>
   </div>
  </div>
 </body>
</html>
