2474 3946
390 267 515 326 ΚΑΤΑ
539 267 804 328 TIMAPXOY.
1026 267 1068 332 19

111 424 147 496 δ’
163 422 278 506 αότοῖς
294 422 487 513 εὑρίσκουσι
501 433 622 496 τοῦτον
639 429 676 495 ἕν
692 433 845 518 συνοικίᾳ
861 429 942 516 μετά
960 430 1065 511 ξένων
1085 455 1120 510 59

111 532 218 596 τινῶν
225 533 484 611 συναριστῶντα.
495 527 793 613 διαπειλησαμένου
801 528 904 596 δὲτοῦ
910 531 1068 616 Μισγόλα

113 628 243 694 καὶτοῦ
260 627 411 710 Φαίδρου
426 639 495 705 τοῖς
506 628 611 708 ξένοις
625 627 681 694 καί
691 626 899 696 κελευόντων
910 627 974 715 ήδη
985 627 1067 697 ἀκο-

114 733 255 795 λουθεῖν
268 729 314 804 είς
330 721 368 791 τό
380 724 622 812 δεσμωτήριον,
639 723 692 794 ὅτι
701 725 873 812 μειράκων
884 727 1067 815 ἐλεύθερον

115 825 329 909 διέφθειραν,
353 825 560 910 φοβηθέντες
576 826 611 891 οί
625 826 714 904 ξένοι
730 821 855 913 ήέχοντο
874 824 1066 910 φεύγοντες,

58 939 98 996 44
115 923 353 1002 καταλιπόντες
368 919 408 991 τά
427 925 730 1010 παρεσκευασμένα.
754 925 810 991 καὶ
826 920 929 992 ταῦθ’
942 921 993 991 ὅτι
1003 921 1065 1008 έγδ

115 1020 229 1108 ἀληθῆ
239 1021 334 1106 λέγω,
345 1016 498 1104 ἅπαντες,
509 1018 583 1089 ὅσοι
592 1017 666 1089 κατ’
679 1021 828 1114 ἐκείνους
836 1019 915 1101 τούς
925 1021 1069 1109 χρόνους

117 1121 321 1204 ἐγίγνωσκον
335 1117 517 1202 Μισγόλαν
526 1119 582 1186 καί
597 1124 780 1206 Τίμαρχον,
793 1127 912 1188 ῖσασιυ.
925 1111 949 1208 ή
959 1117 1068 1206 δήκαὶ

108 1215 208 1286 ’πάνυ
225 1221 343 1302 χαίρω,
367 1213 418 1290 Ιότι
433 1240 491 1302 μοι
507 1217 645 1302 γέγονεν
660 1213 681 1302 ή
699 1220 774 1304 δίκη
790 1214 1069 1304 πρδςάνθρωπον

116 1313 180 1386 οόκ
191 1312 401 1402 ἠγνοημένον
411 1310 472 1400 ὑφ’
485 1311 592 1401 ἀμόν,
604 1312 681 1383 οὐδ’
693 1311 753 1382 ἀπ’
764 1313 870 1384 ἀλλον
880 1313 1069 1401 γιγνωσκό-

116 1439 221 1501 μενον
236 1411 374 1493 οόδενδς
390 1409 413 1501 ή
430 1411 488 1482 ἀπ’
508 1412 612 1484 αὐτοῦ
628 1421 690 1484 τοῦ
701 1415 971 1503 ἐπιτηδεύματος,
994 1415 1069 1498 περὶ

118 1504 161 1584 οὗ
176 1514 231 1581 καὶ
250 1509 313 1599 τήν
330 1521 446 1600 ψῆφον
461 1513 599 1600 μέλλετε
611 1517 735 1602 φέρειν.
757 1519 832 1601 περὶ
846 1515 909 1602 μὲν
925 1511 990 1601 γάρ
1001 1521 1069 1581 τῶν

119 1612 357 1700 ἀγνοουμένων
383 1625 500 1699 σαφεῖς
529 1622 609 1692 ίσως
628 1613 787 1701 προσήκει
808 1611 867 1693 τὰς
888 1611 1069 1692 ἀποδείξεις

117 1718 287 1779 ποιεῖσθαι
299 1706 360 1778 τόν
370 1710 566 1797 κατήγορον,
579 1710 653 1795 περὶ
665 1709 701 1778 δὲ
711 1717 779 1779 τῶν
789 1708 1069 1796 ὁμολογουμένων

118 1807 160 1879 οά
172 1815 247 1879 λίαν
258 1813 361 1896 έγωγε
372 1809 455 1896 μέγα
471 1813 570 1895 ἔργον
582 1805 665 1875 εἶναι
677 1813 797 1894 νομίζω
807 1805 845 1876 τό
856 1817 1068 1894 κατηγορεῖν·

65 1917 99 1971 45
119 1905 308 1994 ἀναμνῆσαι
324 1905 390 1994 γάρ
400 1906 507 1994 μόνον
523 1906 684 1995 προσήκει
699 1904 779 1984 τούς
787 1901 984 1982 ἀκούοντας.
1004 1898 1068 1988 έγά

118 2011 365 2090 τοίνυνκαίπερ
377 2003 646 2093 ὁμολογουμένου
660 2001 939 2090 τοῦπράγματος,
959 1997 1068 2086 έπειδή

120 2105 159 2172 ἐν
181 2106 379 2192 δικαστηρίῳ
396 2099 511 2188 ἐσμὲν,
531 2102 684 2188 γέγραφα
704 2104 891 2188 μαρτυρίαν
909 2097 1068 2189 Μισγόλᾳ
1087 2118 1123 2175 7ο

120 2197 233 2287 ἀληθῆ
243 2201 316 2287 μὲν,
328 2196 389 2268 οὐκ
400 2196 601 2268 ἀπαίδευτον
611 2198 658 2284 δὲ,
670 2196 715 2279 ὥς
723 2196 787 2286 έγά
798 2197 942 2287 ἐμαυτόν
952 2205 1068 2268 πείθω.

121 2295 205 2366 αὐτὸ
218 2297 354 2384 μὲνγὰρ
363 2296 513 2385 τοῦνομα
522 2304 583 2365 τοῦ
594 2303 705 2386 ἔργον,
716 2294 736 2367 δ
746 2303 884 2384 ἔπραττε
894 2298 978 2384 πρὸς
989 2306 1070 2368 τοῦ-

120 2420 193 2480 τον,
207 2393 268 2464 οὐκ
279 2397 446 2484 ἐγγράφω,
460 2395 534 2465 οὐδ’
548 2396 628 2466 ἀλλο
639 2400 790 2484 γέγραφα
801 2397 918 2483 οὐδὲν,
930 2396 950 2464 ό
960 2396 1070 2484 ἐπιζή-

120 2492 202 2582 μιόν
221 2495 310 2564 ἐστιν
326 2497 364 2564 ἐκ
380 2501 448 2563 τῶν
462 2495 580 2582 νόμων
595 2503 643 2584 τῷ
658 2493 787 2581 τάληθῆ
805 2493 1067 2582 μαρτυρήσαντι·

120 2587 143 2661 ἀ
158 2592 198 2664 δέ
214 2592 302 2660 ἐστιν
319 2587 399 2678 ὑμῖν
416 2589 579 2660 ἀκούουσι
596 2591 764 2678 γνώριμα,
786 2590 949 2660 ἀκίνδυνα
970 2589 1006 2658 δὲ
1021 2599 1068 2678 τῷ
1086 2609 1120 2666 71

66 2706 101 2762 46
119 2696 347 2776 μαρτυροῦντι
365 2692 421 2760 καὶ
439 2686 483 2776 μή
495 2686 629 2774 αίσχρά,
641 2695 746 2757 ταῦτα
756 2689 915 2774 γέγραφα.
938 2686 999 2756 ίάν
1008 2689 1070 2775 μὲν

122 2783 188 2861 οὖν
209 2791 353 2880 έθελήση
376 2788 393 2860 ὁ
416 2789 592 2876 Μισγόλας
619 2793 719 2877 δεῦρο
741 2788 922 2876 παρελθόν
941 2786 1071 2878 τάληθῆ

121 2899 345 2979 μαρτυρήσαι,
366 2888 407 2958 τά
430 2895 540 2960 δίκαια
561 2889 707 2976 ποιήσει·
736 2886 796 2958 έάν
817 2891 854 2960 δὲ
874 2898 1071 2980 προαιρῆται

122 2992 387 3076 ἐκκλητευθῆναι
398 2984 557 3076 μάλλανῆ
566 2986 699 3076 τάληθῆ
711 3004 906 3078 μαρτυρεῖν,
928 2989 1022 3078 ὑμεῖς
1032 2989 1069 3060 τὸ

122 3090 207 3161 ὅλον
216 3096 352 3176 πρᾶγμα
364 3090 533 3177 συνήσετε.
556 3087 1072 3178 είγάρόμδνπράξαςαίσχυνεί-

121 3214 175 3256 ται
193 3189 248 3256 καί
265 3186 498 3276 προαιρήσεται
513 3195 616 3274 χιλίας
625 3195 753 3273 μᾶλλον
763 3186 909 3274 δραχμὰς
920 3187 1073 3257 ἀποτῖσαι

122 3292 170 3375 τῷ
187 3290 352 3376 δημοσίῳ,
376 3283 460 3354 ἀστε
473 3285 517 3372 μή
538 3287 638 3366 δεῖξαι
654 3283 690 3353 τὸ
710 3283 892 3371 πρόσωπον
902 3285 938 3354 τό
951 3287 1072 3352 ἑαυτοῦ

124 3379 216 3469 ὑμῖν,
229 3380 247 3451 ὁ
261 3383 298 3452 δὲ
308 3383 487 3464 πεπονθός
499 3383 730 3471 δημηγορήσει,
741 3381 847 3469 σοφός
858 3378 876 3451 ὁ
888 3384 1072 3471 νομοθέτης
1090 3403 1126 3460 ⁷2

124 3476 144 3550 ό
161 3481 242 3563 τοὺς
258 3481 347 3551 οὕτω
368 3479 553 3569 βδελυροὺς
572 3485 727 3569 ἐξείργων
750 3477 814 3548 ἀπὸ
834 3486 896 3548 τοῦ
906 3480 1071 3613 βήματος.
