2474 3946
1212 175 1219 194 Ιι

1222 259 1223 276 λ

1222 277 1223 292 λ

1212 319 1216 332 D

352 264 476 322 ΚΑΤΑ
500 264 769 323 ΤΙΜΛΡΧΟΤ.
993 261 1033 330 57

74 422 337 510 σεμνυνόμενον
350 425 386 491 ἐν
403 428 442 510 τῇ
455 429 522 488 τιδν
534 428 714 509 μειρακίων
727 428 877 513 διατριβῇ
901 424 958 494 καὶ
983 427 1035 491 δι-

76 521 229 606 εξιόντα,
252 519 297 602 άς
313 515 352 591 εὖ
369 521 404 592 τό
427 530 561 609 πρᾶγμα
585 520 737 609 ὑφείλετο
759 534 827 593 τιόν
851 530 1033 595 δικαστιδν·

74 618 292 708 Ἰ,,άπαγαγιδν
311 618 375 708 γάρ
393 617 516 700 αὐτοὺς
533 619 598 689 άπὸ
616 629 685 690 τῶν
702 624 784 709 περὶΙ
796 630 961 709 Τίμαρχον
982 628 1035 692 αί-

76 727 165 788 τιολν
175 721 336 806 ἐπέστησα
346 722 460 805 φέρων
471 721 524 788 ἐπὶ
534 719 595 788 τόν
603 718 791 807 κατήγορον
802 721 857 787 καὶ
869 726 1034 788 Φίλιππον

76 821 138 887 καί
158 819 309 911 Φωκέας,
331 819 386 886 καὶ
404 816 534 904 φόβους
545 817 713 904 ἐπήρτησα
724 831 791 896 τοῖς
801 814 1034 904 ἀκροωμένοις,
1052 826 1101 882 171
1226 854 1227 866 1

79 913 172 984 ὥσθ’
187 912 205 984 ὁ
221 915 281 1002 μὲν
297 915 434 1001 φεύγων
452 913 643 1001 κατηγόρει,
666 911 732 984 ὁδε
744 923 937 1002 κατηγορῶν
947 918 1036 998 ἐκρί-

78 1038 178 1098 νετο,
201 1017 236 1082 οί
246 1016 281 1080 δὲ
298 1015 462 1098 δικασταί,
486 1004 535 1078 τόν
551 1014 612 1098 μὲν
628 1006 715 1100 ήσαν
730 1015 895 1099 δικασταὶ,
918 1013 1036 1081 ἐπελά-

78 1124 207 1196 θοντο,
232 1103 279 1180 ν
290 1109 320 1180 δ’
335 1109 397 1182 οόκ
408 1103 494 1198 ήσαν
505 1113 629 1199 κριταὶ,
652 1114 727 1198 περὶ
738 1111 866 1181 τοότων
875 1109 1036 1199 ήκονον.“

6 1227 58 1282 176
81 1209 248 1298 ὑμέτερον
266 1208 297 1279 δ’
317 1216 416 1296 ἔργον
433 1210 500 1278 ἐστὶ
516 1207 600 1297 πρὸς
616 1219 718 1278 ταῦτα
735 1210 966 1296 ἀντιτετάχθαι
981 1211 1036 1277 καλ

79 1317 234 1396 πανταχῇ
244 1314 724 1398 παρακολουθοῦνταςμηδαμή
733 1313 963 1394 παρεκκλίνειν
973 1303 1036 1374 αό-

78 1404 146 1474 τὸν
164 1409 222 1474 ἐάν
238 1409 319 1493 μηδὲ
336 1421 403 1486 τοῖς
421 1411 559 1487 ἔξωποῦ
577 1406 707 1493 άγοδνος
719 1409 832 1494 λόγοις
843 1409 1035 1491 διισχυρίζε-

79 1514 184 1572 σθαι·
208 1502 280 1573 ἀλλ’
307 1503 418 1589 ιδσπερ
439 1507 476 1573 ἐν
496 1518 567 1584 ταῖς
587 1509 818 1591 ἱπποδρομίαις
834 1509 880 1582 είς
897 1499 959 1570 τδν
974 1505 1037 1568 τοῦ

80 1599 279 1687 πράγματος
307 1598 412 1668 αὐτόν
440 1599 567 1687 δρόμον
595 1603 808 1671 εἰσελαύνετε.
839 1596 905 1670 κάν
932 1606 1036 1666 ταῦτα

79 1706 218 1784 ποιῆτε,
236 1695 279 1765 οὖ
289 1698 650 1784 καταφρονηθήσεσθε,
666 1697 750 1767 άλλδι
760 1699 822 1785 τήν
833 1696 939 1787 αὐτήν
949 1699 1036 1778 ἕξετε

79 1795 227 1881 γνοόμην
237 1802 500 1880 νομοθετοῦντες
511 1795 567 1863 καί
577 1795 776 1875 δικάζοντες·
800 1803 830 1864 εί
845 1801 881 1863 δὲ
897 1796 960 1882 μή,
979 1796 1037 1863 δό-

82 1900 155 1975 ξετε
167 1891 359 1979 μελλόντων
368 1892 428 1977 μὲν
435 1899 612 1979 γίγνεσθαι
620 1899 687 1961 τῶν
696 1889 909 1978 ἀδικημάτων
919 1915 1038 1976 προαι-

82 1992 279 2061 σθάνεσθιιι
289 1989 550 2078 καὶόργίζεσθαι,
562 1990 752 2079 γεγονότων
763 1989 799 2058 δὲ
811 1985 921 2058 οὐκέτι
930 2012 1038 2076 φρον-

84 2095 195 2171 τίζειν.
672 2121 675 2128 ’

20 2199 66 2256 177
169 2187 225 2268 Ὡς
241 2183 273 2255 δ’
293 2189 329 2254 ἐν
345 2195 513 2279 ιιεφαλαίφ
533 2194 703 2275 εἰρῆσθαι,
727 2186 786 2254 ἐάν
804 2185 866 2271 μὲν
881 2183 1037 2269 κολάζητε

85 2282 169 2362 τοὺς
180 2282 394 2372 ἀδικοῦντας,
417 2291 548 2356 ἔσονται
556 2284 637 2374 ὑμῖν
648 2290 682 2355 οί
692 2286 790 2372 νόμοι
800 2287 896 2354 καλοὶ
907 2287 962 2353 καὶ
974 2282 1037 2351 κό-

88 2408 175 2468 ριοι,
195 2382 252 2450 ἐάν
269 2380 300 2451 δ’
313 2382 448 2472 άφιήτε,
471 2389 568 2454 καλοί
583 2385 661 2471 μὲν,
681 2385 792 2469 κύριοι
802 2381 834 2452 δ’
851 2381 970 2451 ου’κέτι.
991 2371 1038 2446 ὧν
1055 2390 1105 2447 177

88 2477 124 2550 δ’
143 2481 239 2546 ἕνεκα
255 2487 358 2548 ταῦτα
375 2486 477 2568 λέγω,
500 2479 562 2550 οὐκ
575 2480 708 2567 ὀκνήσω
720 2480 803 2565 πρὸς
813 2478 899 2565 ὑμᾶς
909 2502 1038 2570 παρρη-

88 2575 282 2646 σιάσασθαι.
305 2583 396 2645 ἔσται
407 2574 438 2645 δ’
452 2577 470 2647 ὁ
483 2578 581 2662 λόγος
592 2579 644 2646 ε’πὶ
655 2582 926 2662 παραδείγματος.
939 2571 1040 2641 διὰτί

87 2685 220 2761 οἴεσθε,
240 2669 267 2744 ό
283 2673 469 2763 Ἀθηναῖοι,1
481 2674 561 2754 τούς
572 2675 697 2760 νόμους
707 2673 768 2760 μὲν
778 2679 885 2750 καλῶς
896 2667 1049 2752 κεῖσθαις

87 2771 127 2841 τά
146 2773 182 2841 δὲ
201 2780 394 2862 ψηφίσματα
413 2773 497 2842 εἶναι
513 2781 571 2860 ’τῆς
588 2769 715 2851 πόλεως
730 2772 968 2857 καταδεέστερα
984 2769 1039 2836 καλ

87 2868 146 2950 τάς
163 2878 287 2956 κρίσεις
304 2876 408 2941 ἐνίοτε
424 2869 483 2951 τάς
498 2873 535 2939 ἐν
551 2885 618 2950 τοῖς
634 2875 854 2955 δικαστηρίοις
872 2874 957 2955 ἔχειν
967 2869 1039 2935 ἐπι-
1134 2897 1140 2906 ·

31 2979 74 3037 178
91 2971 237 3058 πλήξειςς
264 2969 327 3058 ἐγώ
350 2971 408 3052 τάς
428 2971 558 3040 τούτων
580 2976 684 3049 αἰτίας
707 2973 863 3051 ἐπιδειξω.
887 2968 938 3037 ότι
961 2964 1039 3044 τοὺς

87 3069 147 3153 μὲν
158 3070 285 3156 νόμους
300 3075 437 3138 τίθεσθε
454 3072 508 3138 ἐπὶ
518 3077 677 3147 πάσιτολς
689 3072 844 3151 δικαίοις,
866 3064 944 3134 οότε
960 3065 1038 3149 κέρ-

88 3172 169 3248 δους
190 3169 279 3238 ἕνεκ’
302 3168 422 3239 άδίκου
444 3170 521 3238 οὔτε
542 3171 674 3258 χάριτος
695 3167 768 3237 οὔτ’
793 3174 931 3254 ἔχθρας,
954 3162 1037 3234 άλλά

88 3265 172 3351 πρός
184 3265 268 3337 αὐτὸ
281 3267 437 3355 μόνοντὰ
450 3273 579 3337 δίκαιον
595 3271 649 3338 καὶ
659 3266 696 3335 τὸ
710 3268 883 3354 συμφόρων
894 3261 1039 3350 άποβλέ-

87 3388 220 3446 παντες·
234 3369 388 3450 ἐπιδέξιοι
399 3365 432 3436 δ’
445 3365 534 3455 οἶμαι
547 3367 670 3456 φάντες
680 3369 801 3452 ἑτέρων
812 3372 939 3452 μᾶλλον
951 3361 1039 3432 είκό-

12 3497 14 3574 ἶ
87 3488 151 3543 τοις
162 3471 360 3545 καλλίστους
371 3466 496 3553 νόμους
512 3473 660 3536 τίθεσθε.
682 3464 844 3542 ἐνδδταλς
855 3465 1040 3550 ἐκκλησίαις
