2450 3950
201 272 261 334 132
612 265 739 316 ινιιον
1029 265 1094 314 σοι.
1114 265 1148 316 ιο.

201 442 233 522 ἐξ
256 435 367 507 αύτύν
389 441 457 506 τύν
473 434 586 525 νόμων
607 441 728 518 ἱκανοῖς
750 432 892 527 ἡγοῦμαι
909 432 1150 525 ἀποδεδεῖχθαι,

197 535 286 608 ούτοο
306 539 343 608 δὲ
359 541 414 609 καὶ
431 536 558 618 τούτοις
576 537 723 629 φανερόν
743 541 831 609 ἐστιν
848 533 898 607 ὅτι
916 534 957 606 ού
974 535 1151 627 κροσηκόν·

197 666 263 719 τοος
282 646 392 728 ἔχουσι
408 641 512 708 ταῦτα
535 637 574 707 τοὶ
597 637 761 728 χρήματα,
786 635 870 709 ὥστε
886 633 949 707 ούκ
967 639 1021 707 ἐπὶ
1038 641 1088 730 τῷ
1110 643 1152 706 ἂι·

198 748 301 821 καίως
315 736 526 830 Ἀρίσταρχον
545 742 740 828 εἰσαχθῆναι
758 746 805 819 εἰς
821 735 898 818 τούς
916 736 1085 828 φράτορας
1101 734 1152 807 τὸν

198 839 299 928 λόγον
322 844 495 911 ποιοῦνται
518 839 621 928 μόνον
644 836 804 912 ἀλλὰκαὶ
828 845 924 927 δαιην
946 841 1053 928 φασὶν
1074 833 1153 924 ὑπὲρ

197 940 328 1012 τούτων
344 945 416 1032 τοῖν
428 938 603 1029 χρημάτων
619 936 677 1009 τὸν
694 942 819 1030 πατέρα
835 937 894 1009 τὸν
917 942 1049 1010 ἑαυτοῖν
1074 942 1152 1008 ἐκτε-

196 1045 341 1130 τικέναι,
364 1045 437 1130 ἵνα,
462 1036 504 1110 ἂν
526 1037 570 1129 μὴ
594 1036 669 1109 κατ’
698 1043 826 1110 ἐκεῖνον
856 1045 990 1121 δικαίως
1015 1041 1154 1110 δοκοῖσιν

198 1149 303 1231 ἔχειν,
326 1140 409 1212 κατά
430 1168 469 1229 γε
485 1144 587 1210 ταύτα
611 1138 744 1221 εἰκότως
767 1143 933 1230 προσηκον
951 1136 1067 1220 αὐτοῖς
1084 1145 1152 1228 φαί-

149 1259 181 1311 16
197 1270 301 1330 νηται.
345 1237 480 1332 ἐγύὸ’,
497 1270 526 1310 οο
551 1237 736 1330 ἄνδρες,
716 1254 768 1310 οτι
796 1236 858 1311 ούκ
880 1237 992 1328 ύληθη
1013 1245 1152 1360 λέγουσι,

192 1342 352 1433 ’μεγάλοις
368 1338 454 1432 ύμοῖς
470 1349 654 1432 τεκμηρίοις
673 1339 803 1424 ὃιὸύξοο.
836 1348 866 1410 ελ
881 1369 943 1430 γαρ
961 1333 1021 1429 ἦν,
1042 1337 1087 1421 ὡς
1103 1329 1153 1409 ού-

199 1473 249 1514 τοι
265 1437 475 1532 λέγουσιν,
455 1441 626 1531 υπόχρεοος
638 1431 735 1559 ρύτος
751 1470 769 1510 ο
758 1437 917 1534 κλῆρος,
935 1438 1008 1511 οὔτ’
1027 1469 1072 1512 αν
1083 1437 1153 1530 χρή·

199 1573 309 1662 ματα
318 1535 409 1615 οὗτοι
442 1539 528 1666 ὑπὲρ
562 1538 673 1612 αύτοῖν
704 1545 846 1625 ἐξέτινον
881 1538 936 1631 (ού
966 1539 1030 1632 γὰρ
1061 1560 1153 1631 προσ-

199 1673 281 1732 ηκον
299 1641 429 1733 αὐτοῖς,
452 1639 526 1712 ἀλλ’
545 1639 595 1724 ος
613 1639 776 1731 ἐγένετο
757 1672 778 1730 η
798 1639 857 1731 ἐμη
874 1640 980 1732 μήτηρ
999 1646 1151 1726 ἐκλύτους,

198 1744 326 1826 τούτοις
354 1740 534 1833 ἀναγκαῖον
555 1735 598 1832 ἦν
621 1739 706 1834 ὑπὲρ
735 1740 847 1813 αύτοῖν
880 1739 1151 1830 βουλεύσασθαι),

199 1843 278 1915 ούτε
294 1874 336 1916 αν
355 1852 542 1916 ελσεττοίουν
560 1851 607 1925 εἰς
629 1848 747 1914 τούτου
764 1841 821 1914 τὸν
838 1847 961 1936 κλῆρον
982 1841 1062 1914 νλόν
1077 1839 1151 1929 Ἀρι-

200 1946 344 2070 στύρχρο,
368 1949 542 2037 μέλλοντες
565 1941 843 2034 ὠφεληθήσεσθαι
866 1945 928 2033 μὲν
956 1948 1081 2033 μηδέν,
1108 1951 1152 2027 ζη·

150 2067 182 2120 17
199 2047 430 2169 μιοοθησεσθαι
462 2046 499 2116 δὲ
520 2045 677 2135 μεγάλα
697 2039 848 2134 ἢὲτεροι
871 2047 948 2134 μέν,
977 2041 1061 2116 ὅταν
1083 2042 1150 2130 περὶ

199 2147 375 2236 χρημάτων
394 2150 596 2234 θυστνχοοσι,
614 2143 692 2224 τούς
710 2141 948 2235 σφετέρους’
906 2173 1018 2215 αυτων
1036 2149 1151 2220 παῖδας

200 2249 287 2326 εἰς’
271 2249 402 2333 ετέρους
432 2255 544 2324 οἴκους
568 2249 837 2333 ελστοιούσιν,“
822 2274 877 2315 ινα
905 2242 950 2334 μὴ
973 2244 1150 2335 μετάσχωσι

198 2349 256 2434 τῆς
279 2348 338 2416 τού
356 2342 477 2436 πατρὸς
494 2341 639 2434 ιἰτιμλας·
664 2335 755 2415 οὗτοι
774 2346 812 2414 δὲ
831 2345 896 2436 ἄρα
918 2353 965 2426 εἰς
982 2341 1150 2436 ύοιόχρεοον

199 2443 318 2517 ούσίαν
342 2448 396 2516 καὶ
419 2445 511 2516 οἶκον
537 2452 723 2516 είσεττοίονν
746 2467 832 2534 σφας
854 2443 991 2535 αύτούς,
1017 2477 1075 2517 ινα
1101 2443 1149 2513 καλ

199 2546 239 2618 τοὶ
255 2543 446 2638 ύιτύρχοντα
462 2549 758 2635 κροσαπολέσειαν;
783 2543 845 2616 ούκ
868 2553 935 2616 ἔστι
952 2551 1069 2670 ταύτην,
1087 2537 1148 2614 ἀλλ’

199 2678 217 2718 ο
206 2645 296 2738 μὲν
313 2651 432 2771 κλῆρος
450 2637 671 2738 ἐλεύθερος
649 2676 691 2734 ην
708 2649 821 2716 καλ
780 2675 837 2736 της
856 2651 934 2735 ἐμῆς
950 2645 1072 2737 μητρὸς
1090 2645 1148 2732 ἐγέ-

198 2777 289 2838 νετο,
314 2739 404 2819 ούτοι
430 2749 467 2819 δὲ
492 2750 812 2840 φιλοχρηματούντες
840 2750 895 2816 καὶ
924 2743 1097 2835 ἐκείνην’
1077 2769 1148 2818 ακο-

201 2853 394 2938 στερούντες
411 2852 517 2917 ταῦτα
534 2848 641 2918 πάντα
660 2847 912 2937 ἐμηχανήσαντο.

149 2961 182 3013 18
237 2945 335 3028 Ἴσως
361 2938 425 3017 ούν
452 2945 494 3018 ἄν
516 2976 582 3036 τις,
614 2938 800 3038 ύύνδρες,
828 2945 886 3017 τὸν
914 2946 1034 3038 χρόνον
1062 2941 1148 3068 ύμύν

198 3045 400 3137 θανμασειε,
419 3073 488 3127 τινος
506 3074 586 3118 ποτε
599 3045 758 3118 πολύν”
716 3077 821 3129 ουτως
836 3047 991 3138 εἰάσαμεν
1009 3043 1096 3118 καλ’
1076 3069 1146 3115 ατο-

200 3147 410 3239 στερούμενοι
433 3145 494 3218 ούκ
511 3176 595 3240 ημεν
615 3145 665 3218 ἐτ’
685 3145 784 3238 αὐτοὶ,
808 3145 890 3219 αλλὰ
907 3151 984 3219 νυνὶ
1003 3151 1080 3238 περὶ
1096 3139 1145 3213 αύ-

198 3277 266 3319 τοον
289 3247 367 3330 τούς
391 3246 509 3338 λόγους
532 3248 726 3338 ποιούμεθα.
774 3247 838 3339 ὲηοο
861 3250 954 3319 δὲ
920 3278 1010 3338 οιμαι
1031 3249 1090 3338 μὲν
1110 3269 1144 3312 ov

146 3391 147 3394 =
202 3355 330 3420 δίκαιον
348 3348 433 3421 εἶναι
452 3347 507 3418 δια
523 3353 619 3420 τούτο
638 3357 772 3420 ἔλαττον
785 3357 887 3440 ἔχειν,
907 3361 941 3418 εἴ
953 3379 1002 3430 τις
1019 3377 1062 3438 μη
1052 3345 1144 3416 ἐδν-

198 3447 288 3572 νήθη
315 3477 339 3572 η
359 3453 581 3569 κατημέλησεν
610 3447 726 3541 (ού
688 3479 750 3572 γαρ
773 3450 870 3520 τούτύ
894 3455 961 3520 ἐστι
986 3449 1143 3526 σκεπτέον,

149 3616 153 3623 .
199 3545 283 3618 ἄλλα
305 3547 341 3619 τὰ
365 3577 499 3642 τραγμοι
523 3557 553 3623 εἰ
577 3557 705 3621 δίκαιον
727 3545 881 3640 ημή)·”
862 3579 949 3640 ομοος
972 3553 1081 3641 μέντοι
1096 3536 1143 3615 καλ
