2442 3948
245 301 285 363 98
654 295 782 349 ιεαιοα
1107 296 1191 348 ουτ.

246 471 396 591 φανεροῦ
419 471 679 593 τριηρριρχοῦντα
709 463 908 558 ἀνηρήκασι,
941 465 1032 537 κάλει
1066 495 1123 557 μοι
1147 469 1193 536 καί

244 597 374 640 τουτων
391 598 467 650 τους
484 597 659 660 μαρτυρας.

619 783 825 837 ΜΑΡΤΤΡΕΣ.

192 987 226 1042 ³³
319 979 364 1047 Εί
379 980 494 1044 τοίνυν
511 976 566 1043 καὶ
583 977 724 1044 τοιοῦτοι
741 971 798 1054 τάς
814 971 933 1064 φῦσεις
944 975 1020 1064 περὶ
1038 968 1194 1058 ἀλλήλους

246 1074 309 1142 είσὶ
333 1075 388 1142 καί
413 1079 528 1165 ἔχθραι
551 1072 631 1165 πρὸς
646 1070 894 1165 Ἀπολλόδωρον
916 1070 973 1144 τδν
992 1074 1050 1163 ἐμὲ
1069 1065 1192 1158 ποιησαί-

193 1247 197 1260 ,
244 1200 345 1262 μενον
362 1169 511 1266 ὑπῆρχον
523 1172 635 1255 αῦτοῖς
651 1177 843 1263 τηλικαῦται
860 1171 896 1244 τδ
906 1176 1061 1264 μέγεθος,
1081 1180 1118 1242 τί
1132 1171 1192 1258 βέλ-

243 1302 315 1344 τιον
332 1269 375 1344 ἀν
393 1279 532 1368 ἔπραξεν
549 1269 570 1364 ἢ
587 1279 690 1345 ταῦτα
707 1273 971 1364 δουλωσάμενος
988 1269 1076 1365 ἀπερ
1097 1277 1190 1354 ἐντοίχ-

244 1395 318 1460 σεν;
345 1370 366 1463 ή
391 1374 433 1463 νή
460 1384 528 1446 Δία
552 1381 687 1446 παιδίον
714 1374 886 1464 ἐποιήσατο
903 1372 1017 1463 λαβοδν
1035 1370 1129 1463 παρά
1144 1397 1191 1438 ιον

243 1477 310 1545 νῦν
327 1483 445 1563 ’φίλων
470 1473 592 1565 ὄντων,
620 1479 675 1546 καί
699 1474 805 1569 τοῦτφ
831 1473 892 1565 τήν
918 1471 1039 1545 οῦσίαν
1058 1480 1189 1550 ἔδωκενς

243 1571 325 1644 ἀλλά
343 1577 397 1644 καὶ
414 1573 505 1646 τοῦτ’
531 1567 573 1664 ήν
591 1573 717 1664 ἀδηλον
734 1578 789 1647 καὶ
805 1593 873 1657 τοῖς
890 1574 1113 1665 γεννήσασιν,
1137 1581 1191 1639 είτε

243 1681 428 1746 σπουδαῖον
455 1687 520 1746 είτε
545 1675 686 1766 μηδενδς
702 1674 794 1761 ἀξιον
812 1684 947 1767 ἔμελλεν
965 1683 1119 1763 ἔσεσθαι,
1146 1665 1189 1739 διδ

190 1794 225 1848 34
242 1771 304 1863 τήν
329 1771 469 1863 ήλικίαν.
516 1781 596 1867 ἐμοῦ
622 1779 660 1848 δὲ
685 1794 803 1869 πεῖραν
830 1776 974 1867 εἰλήφει,
998 1763 1189 1866 Ιδοκιμασίαν

243 1873 362 1964 ίκανήυ
387 1876 508 1966 λαβών.
553 1889 599 1959 είς
624 1906 660 1948 τε
683 1876 747 1970 γάρ
763 1875 823 1949 τδν
839 1879 964 1968 πατέρα
989 1879 1045 1947 καὶ
1063 1872 1124 1964 τήν
1140 1897 1206 1960 μηῃ

241 1979 318 2067 τέρα
342 1978 345 2066 ή
369 1973 437 2059 οἷος
454 1969 497 2067 ήν
514 1975 657 2069 ἀκριβοῦς
675 1976 759 2068 ᾔδει,
778 1981 845 2048 νῦν
862 1975 891 2048 τ’
911 1985 1046 2048 οίκείων
1065 1971 1188 2063 ἐπιμελῆ

242 2080 297 2146 καὶ
308 2075 477 2167 τάμαυτοῦ
486 2078 640 2169 πράττειν
654 2076 881 2167 ἐπιστάμενον·
901 2082 937 2149 ἐν
954 2074 1041 2168 ἀρχή
1057 2105 1104 2166 τε,
1121 2085 1185 2143 δεῖ·
1204 2147 1205 2156 χ

241 2176 437 2266 μοθετήσας,
457 2174 502 2258 ῦς
520 2177 678 2268 ἐγενόμην
694 2175 756 2248 οῦκ
767 2177 880 2260 ἀδικος
897 2173 978 2249 οῦδὲ
989 2179 1185 2257 πλεονέκτης,

240 2273 398 2364 ἠπίστατο
425 2282 546 2367 σαφοῦς.
591 2275 668 2348 ὥστ’
686 2275 748 2349 οῦκ
765 2275 896 2367 ἀγνοοῦν
921 2275 1004 2348 ἀλλά
1021 2278 1135 2368 σαφοῦς
1151 2276 1184 2339 εί·

188 2393 222 2446 35
242 2373 306 2458 δαδς
334 2381 435 2447 ἐποίει
452 2406 492 2468 με
510 2382 578 2449 τῦν
595 2374 701 2449 αῦτοῦ
717 2378 842 2471 κῦριον.
887 2381 942 2450 καὶ
959 2375 1026 2468 μήν
1043 2376 1125 2449 οῦδὲ
1141 2367 1185 2440 0}st-

242 2475 372 2568 λότριον
389 2475 461 2549 ἀλλ’
480 2477 559 2550 ὅντα
576 2476 791 2570 ἀδελφιδοῦν,
810 2476 886 2550 οὐδ’
906 2470 950 2549 αῦ
966 2476 1065 2570 μικρά
1078 2500 1183 2549 πεπον
1202 2517 1203 2555 ι

242 2575 313 2659 θῦς
330 2575 413 2649 ἀλλά
437 2578 563 2670 μεγάλα
579 2577 691 2669 ἀγαθά
707 2576 770 2671 ἀφ’
797 2576 905 2670 ήμοῦν,
923 2575 1000 2650 οῦδ’
1020 2569 1064 2649 αῦ
1083 2567 1183 2666 ἀφιλό·

240 2708 350 2769 τιμον,
377 2676 413 2762 ὃς
439 2679 478 2752 τά
503 2679 582 2752 ὄντα
607 2679 740 2770 ἀφιέναι
766 2689 902 2772 ἔμελλον
919 2678 1030 2772 ὥσπερ
1048 2671 1137 2751 οῦτοι
1151 2665 1202 2753 ιᾶλ

240 2784 301 2850 τοῦ
334 2779 457 2870 κλήρου
491 2780 724 2870 πεποιήκασιν,
760 2779 843 2851 ἀλλά
868 2779 1114 2870 βουλησόμενον
1137 2771 1181 2843 καὶ

238 2898 447 2969 τριηραρχεῖν
478 2884 534 2951 καί
559 2893 716 2972 πολεμεῖν
747 2884 802 2952 καὶ
827 2898 981 2973 χορηγεῖν
1006 2883 1062 2951 καὶ
1089 2865 1179 2951 πάνθ’

186 2990 221 3044 36
238 2972 321 3067 ῦμῖυ
338 2975 377 3047 κά
395 2980 658 3071 προσταττόμενα
675 2998 793 3072 ποιεῖν,
813 2979 923 3074 ὥσπερ
940 2979 1098 3063 κάκεῖνος.
1122 2978 1179 3046 καί·
1199 3037 1200 3048 ,

239 3106 288 3148 τοι
307 3086 338 3147 εί
353 3081 409 3148 καὶ
426 3077 590 3170 συγγενής
607 3085 663 3151 καὶ
686 3089 782 3170 φίλος
800 3085 855 3153 καί
874 3080 1044 3174 εὐεργέτης
1067 3083 1119 3153 καί
1135 3101 1179 3164 γι·

238 3177 367 3268 λόιιμος
383 3182 439 3251 καὶ
459 3184 733 3272 δεδοκιμασμένος
758 3178 908 3274 ῦπήρχον
929 3186 1075 3264 τοιοῦτος
1094 3179 1176 3256 dvm,

238 3287 286 3360 τίς
303 3275 346 3350 ἀν
363 3277 621 3370 ἀμφισβητήσειε
647 3280 691 3373 μή
708 3279 770 3354 οῦκ
787 3280 910 3377 ἀνδρὸς
933 3274 972 3354 εῦ
988 3283 1177 3390 φρονοῦντος

239 3381 323 3451 είναι
340 3380 464 3470 ταῦτην
480 3379 541 3471 τήν
558 3391 708 3472 ποίησιν;
727 3381 789 3472 έγοδ
807 3394 922 3457 τοίνυν
936 3389 972 3455 ἓν
989 3387 1027 3472 γέ
1044 3386 1109 3455 τῦν
1124 3371 1164 3446 δεῖ
1195 3387 1198 3545 ρ

239 3483 367 3551 ἐκείνου
386 3485 654 3572 δοκιμασθέντων
671 3481 735 3573 ήδη
753 3494 928 3575 πεποίηκα·
951 3501 1176 3575 γεγυμνασιαθ·
1195 3539 1197 3560 2

235 3607 321 3670 χηκα
336 3579 399 3673 γάρ
418 3591 465 3665 είς
481 3583 678 3676 Προμήθεια
701 3588 800 3655 τοῦδε
817 3591 878 3656 τοῦ
896 3588 1050 3657 ἐνιαυτοῦ
1066 3577 1174 3675 φιλοτί·
