<?xml version="1.0" encoding="UTF-8"?>
<!DOCTYPE html PUBLIC "-//W3C//DTD XHTML 1.0 Transitional//EN"
    "http://www.w3.org/TR/xhtml1/DTD/xhtml1-transitional.dtd">
<html xmlns="http://www.w3.org/1999/xhtml" xml:lang="en" lang="en">
 <head>
  <title>
</title>
<meta http-equiv="Content-Type" content="text/html;charset=utf-8" />
  <meta name='ocr-system' content='tesseract 3.04.00' />
  <meta name='ocr-capabilities' content='ocr_page ocr_carea ocr_par ocr_line ocrx_word'/>
</head>
<body>
  <div class='ocr_page' id='page_1' title='image "./isaeiorationesc00isaegoog_0120.png"; bbox 0 0 2442 3948; ppageno 0'>
   <div class='ocr_carea' id='block_1_1' title="bbox 85 215 1043 284">
    <p class='ocr_par' dir='ltr' id='par_1_1' title="bbox 85 215 1043 284">
     <span class='ocr_line' id='line_1_1' title="bbox 85 215 1043 284; baseline 0 -16"><span class='ocrx_word' id='word_1_1' title='bbox 85 235 111 280; x_wconf 82' lang='grc' dir='ltr'><strong><em>ρ.</em></strong></span> <span class='ocrx_word' id='word_1_2' title='bbox 131 217 175 268; x_wconf 69' lang='grc'><strong><em>45.</em></strong></span> <span class='ocrx_word' id='word_1_3' title='bbox 293 216 385 268; x_wconf 86' lang='grc' dir='ltr'><strong><em>ΠΕΡΙ</em></strong></span> <span class='ocrx_word' id='word_1_4' title='bbox 401 215 477 267; x_wconf 66' lang='lat' dir='ltr'><strong><em>Tor</em></strong></span> <span class='ocrx_word' id='word_1_5' title='bbox 495 215 648 267; x_wconf 76' lang='grc' dir='ltr'><strong>ΠΤΡΡΟΤ</strong></span> <span class='ocrx_word' id='word_1_6' title='bbox 664 215 830 268; x_wconf 81' lang='grc' dir='ltr'><strong>ΚΛΗΡΟΤ.</strong></span> <span class='ocrx_word' id='word_1_7' title='bbox 1002 223 1043 284; x_wconf 79' lang='lat'><strong><em>47</em></strong></span> 
     </span>
    </p>
   </div>
   <div class='ocr_carea' id='block_1_2' title="bbox 83 383 1121 2992">
    <p class='ocr_par' dir='ltr' id='par_1_2' title="bbox 83 383 1121 2086">
     <span class='ocr_line' id='line_1_2' title="bbox 84 383 1043 478; baseline -0.002 -20"><span class='ocrx_word' id='word_1_8' title='bbox 84 385 213 470; x_wconf 84' lang='grc' dir='ltr'><strong><em>αύτούς</em></strong></span> <span class='ocrx_word' id='word_1_9' title='bbox 230 395 364 478; x_wconf 81' lang='grc' dir='ltr'><strong><em>ἔρεσθε,</em></strong></span> <span class='ocrx_word' id='word_1_10' title='bbox 388 397 422 457; x_wconf 81' lang='grc' dir='ltr'><strong><em>ελ</em></strong></span> <span class='ocrx_word' id='word_1_11' title='bbox 439 417 488 468; x_wconf 88' lang='grc' dir='ltr'><strong><em>τις</em></strong></span> <span class='ocrx_word' id='word_1_12' title='bbox 510 391 577 457; x_wconf 71' lang='grc' dir='ltr'><strong><em>τοῖν</em></strong></span> <span class='ocrx_word' id='word_1_13' title='bbox 599 391 746 477; x_wconf 86' lang='grc' dir='ltr'><strong><em>γνησίαν</em></strong></span> <span class='ocrx_word' id='word_1_14' title='bbox 768 391 836 458; x_wconf 78' lang='grc' dir='ltr'><strong><em>τοῖν</em></strong></span> <span class='ocrx_word' id='word_1_15' title='bbox 853 383 959 458; x_wconf 83' lang='grc' dir='ltr'><strong><em>αύτού</em></strong></span> <span class='ocrx_word' id='word_1_16' title='bbox 976 391 1043 458; x_wconf 87' lang='grc' dir='ltr'><strong><em>ἐπι-</em></strong></span> 
     </span>
     <span class='ocr_line' id='line_1_3' title="bbox 85 481 1044 577; baseline 0 -19"><span class='ocrx_word' id='word_1_17' title='bbox 85 488 280 574; x_wconf 69' lang='grc' dir='ltr'><strong><em>δικάζεσθαι</em></strong></span> <span class='ocrx_word' id='word_1_18' title='bbox 302 485 393 573; x_wconf 78' lang='grc' dir='ltr'><strong><em>άξιοῑ.</em></strong></span> <span class='ocrx_word' id='word_1_19' title='bbox 436 492 540 558; x_wconf 75' lang='grc' dir='ltr'><strong><em>ταῦτα</em></strong></span> <span class='ocrx_word' id='word_1_20' title='bbox 563 486 644 577; x_wconf 81' lang='grc' dir='ltr'><strong><em>πρὸς</em></strong></span> <span class='ocrx_word' id='word_1_21' title='bbox 665 485 727 575; x_wconf 79' lang='grc' dir='ltr'><strong><em>τὴν</em></strong></span> <span class='ocrx_word' id='word_1_22' title='bbox 743 481 915 558; x_wconf 72' lang='grc' dir='ltr'><strong><em>ἀναίδειαν</em></strong></span> <span class='ocrx_word' id='word_1_23' title='bbox 931 483 1044 559; x_wconf 75' lang='grc' dir='ltr'><strong><em>αύτοῖν</em></strong></span> 
     </span>
     <span class='ocr_line' id='line_1_4' title="bbox 84 579 1043 678; baseline 0 -20"><span class='ocrx_word' id='word_1_24' title='bbox 84 588 316 660; x_wconf 76' lang='grc' dir='ltr'><strong><em>πυνθάνεσθε.</em></strong></span> <span class='ocrx_word' id='word_1_25' title='bbox 343 584 387 670; x_wconf 82' lang='grc' dir='ltr'><strong><em>ύς</em></strong></span> <span class='ocrx_word' id='word_1_26' title='bbox 401 585 434 658; x_wconf 88' lang='grc' dir='ltr'><strong><em>δ’</em></strong></span> <span class='ocrx_word' id='word_1_27' title='bbox 446 579 489 676; x_wconf 78' lang='grc' dir='ltr'><strong><em>ἦν</em></strong></span> <span class='ocrx_word' id='word_1_28' title='bbox 502 592 647 670; x_wconf 87' lang='grc' dir='ltr'><strong><em>ἐπίδικος</em></strong></span> <span class='ocrx_word' id='word_1_29' title='bbox 657 584 678 676; x_wconf 81' lang='grc' dir='ltr'><em>ἡ</em></span> <span class='ocrx_word' id='word_1_30' title='bbox 689 587 788 678; x_wconf 81' lang='grc' dir='ltr'><strong><em>γυνη,</em></strong></span> <span class='ocrx_word' id='word_1_31' title='bbox 808 599 842 658; x_wconf 81' lang='grc' dir='ltr'><strong><em>εί</em></strong></span> <span class='ocrx_word' id='word_1_32' title='bbox 850 614 912 677; x_wconf 86' lang='grc' dir='ltr'><strong><em>περ</em></strong></span> <span class='ocrx_word' id='word_1_33' title='bbox 922 596 1043 676; x_wconf 89' lang='grc' dir='ltr'><strong><em>γνησία</em></strong></span> 
     </span>
     <span class='ocr_line' id='line_1_5' title="bbox 84 687 1043 779; baseline -0.002 -19"><span class='ocrx_word' id='word_1_34' title='bbox 84 698 343 779; x_wconf 79' lang='grc' dir='ltr'><strong><em>καταλειφθείη,</em></strong></span> <span class='ocrx_word' id='word_1_35' title='bbox 367 693 403 759; x_wconf 88' lang='grc' dir='ltr'><strong><em>έκ</em></strong></span> <span class='ocrx_word' id='word_1_36' title='bbox 418 693 486 759; x_wconf 69' lang='grc' dir='ltr'><strong><em>τόν</em></strong></span> <span class='ocrx_word' id='word_1_37' title='bbox 503 687 614 777; x_wconf 87' lang='grc' dir='ltr'><strong><em>νόμων</em></strong></span> <span class='ocrx_word' id='word_1_38' title='bbox 631 691 819 777; x_wconf 83' lang='grc' dir='ltr'><strong><em>σαφέστατα</em></strong></span> <span class='ocrx_word' id='word_1_39' title='bbox 835 700 958 777; x_wconf 80' lang='grc' dir='ltr'><strong><em>μαθεῖν</em></strong></span> <span class='ocrx_word' id='word_1_40' title='bbox 976 691 1043 760; x_wconf 82' lang='grc' dir='ltr'><strong><em>ἐστι</em></strong></span> 
     </span>
     <span class='ocr_line' id='line_1_6' title="bbox 83 785 1097 881; baseline -0.002 -21"><span class='ocrx_word' id='word_1_41' title='bbox 83 793 193 861; x_wconf 85' lang='grc' dir='ltr'><strong><em>τούτο.</em></strong></span> <span class='ocrx_word' id='word_1_42' title='bbox 238 785 256 860; x_wconf 84' lang='grc' dir='ltr'>ὁ</span> <span class='ocrx_word' id='word_1_43' title='bbox 283 787 346 881; x_wconf 80' lang='grc' dir='ltr'><strong><em>γάρ</em></strong></span> <span class='ocrx_word' id='word_1_44' title='bbox 374 788 474 880; x_wconf 87' lang='grc' dir='ltr'><strong><em>νόμος</em></strong></span> <span class='ocrx_word' id='word_1_45' title='bbox 504 788 687 879; x_wconf 75' lang='grc' dir='ltr'><strong><em>διαρρήδην</em></strong></span> <span class='ocrx_word' id='word_1_46' title='bbox 708 792 795 878; x_wconf 80' lang='grc' dir='ltr'><strong><em>λέγει</em></strong></span> <span class='ocrx_word' id='word_1_47' title='bbox 824 793 944 873; x_wconf 78' lang='grc' dir='ltr'><strong><em>ἐξεῖναι</em></strong></span> <span class='ocrx_word' id='word_1_48' title='bbox 974 794 1042 859; x_wconf 89' lang='grc' dir='ltr'><strong><em>δια·</em></strong></span> <span class='ocrx_word' id='word_1_49' title='bbox 1060 817 1097 868; x_wconf 79' lang='lat'><strong><em>68</em></strong></span> 
     </span>
     <span class='ocr_line' id='line_1_7' title="bbox 83 885 1042 979; baseline -0.002 -17"><span class='ocrx_word' id='word_1_50' title='bbox 83 895 211 962; x_wconf 78' lang='grc' dir='ltr'><strong><em>θέσθαι</em></strong></span> <span class='ocrx_word' id='word_1_51' title='bbox 229 889 318 972; x_wconf 82' lang='grc' dir='ltr'><strong><em>ὅπως</em></strong></span> <span class='ocrx_word' id='word_1_52' title='bbox 340 885 383 961; x_wconf 76' lang='grc' dir='ltr'><strong><em>ἂν</em></strong></span> <span class='ocrx_word' id='word_1_53' title='bbox 401 893 500 979; x_wconf 81' lang='grc' dir='ltr'><strong><em>ἐθέλη</em></strong></span> <span class='ocrx_word' id='word_1_54' title='bbox 516 918 565 970; x_wconf 89' lang='grc' dir='ltr'><strong><em>τις</em></strong></span> <span class='ocrx_word' id='word_1_55' title='bbox 582 887 622 958; x_wconf 81' lang='grc' dir='ltr'><strong><em>τά</em></strong></span> <span class='ocrx_word' id='word_1_56' title='bbox 640 885 759 979; x_wconf 78' lang='grc' dir='ltr'><strong><em>αὑτοῦ,</em></strong></span> <span class='ocrx_word' id='word_1_57' title='bbox 785 887 843 960; x_wconf 82' lang='grc' dir='ltr'><strong><em>δάν</em></strong></span> <span class='ocrx_word' id='word_1_58' title='bbox 858 887 903 979; x_wconf 76' lang='grc' dir='ltr'><strong><em>μὴ</em></strong></span> <span class='ocrx_word' id='word_1_59' title='bbox 921 895 1042 971; x_wconf 69' lang='grc' dir='ltr'><strong><em>παῖδας</em></strong></span> 
     </span>
     <span class='ocr_line' id='line_1_8' title="bbox 84 985 1086 1082; baseline -0.002 -20"><span class='ocrx_word' id='word_1_60' title='bbox 84 1000 243 1080; x_wconf 77' lang='grc' dir='ltr'><strong><em>γνησίους</em></strong></span> <span class='ocrx_word' id='word_1_61' title='bbox 261 999 422 1081; x_wconf 84' lang='grc' dir='ltr'><strong><em>καταλίπη</em></strong></span> <span class='ocrx_word' id='word_1_62' title='bbox 435 987 590 1082; x_wconf 79' lang='grc' dir='ltr'><strong><em>άρρενας·</em></strong></span> <span class='ocrx_word' id='word_1_63' title='bbox 616 985 659 1060; x_wconf 78' lang='grc' dir='ltr'><strong><em>δν</em></strong></span> <span class='ocrx_word' id='word_1_64' title='bbox 671 991 707 1060; x_wconf 77' lang='grc' dir='ltr'><strong><em>δὲ</em></strong></span> <span class='ocrx_word' id='word_1_65' title='bbox 719 998 856 1078; x_wconf 85' lang='grc' dir='ltr'><strong><em>θηλείας</em></strong></span> <span class='ocrx_word' id='word_1_66' title='bbox 867 999 1041 1080; x_wconf 76' lang='grc' dir='ltr'><strong><em>καταλίπῃ,</em></strong></span> <span class='ocrx_word' id='word_1_67' title='bbox 1082 1073 1086 1082; x_wconf 93' lang='lat'>.</span> 
     </span>
     <span class='ocr_line' id='line_1_9' title="bbox 85 1088 1042 1181; baseline 0 -19"><span class='ocrx_word' id='word_1_68' title='bbox 85 1091 151 1162; x_wconf 82' lang='grc' dir='ltr'><strong><em>σύν</em></strong></span> <span class='ocrx_word' id='word_1_69' title='bbox 167 1091 311 1172; x_wconf 88' lang='grc' dir='ltr'><strong><em>ταύταις.</em></strong></span> <span class='ocrx_word' id='word_1_70' title='bbox 345 1088 469 1162; x_wconf 84' lang='grc' dir='ltr'><strong><em>ούιιούν</em></strong></span> <span class='ocrx_word' id='word_1_71' title='bbox 486 1088 566 1180; x_wconf 80' lang='grc' dir='ltr'><strong><em>μετὰ</em></strong></span> <span class='ocrx_word' id='word_1_72' title='bbox 582 1093 649 1161; x_wconf 73' lang='grc' dir='ltr'><strong><em>τοῖν</em></strong></span> <span class='ocrx_word' id='word_1_73' title='bbox 665 1095 861 1181; x_wconf 80' lang='grc' dir='ltr'><strong><em>θυγατέρων</em></strong></span> <span class='ocrx_word' id='word_1_74' title='bbox 879 1098 946 1161; x_wconf 84' lang='grc' dir='ltr'><strong><em>ἐστι</em></strong></span> <span class='ocrx_word' id='word_1_75' title='bbox 966 1093 1042 1162; x_wconf 81' lang='grc' dir='ltr'><strong><em>δού-</em></strong></span> 
     </span>
     <span class='ocr_line' id='line_1_10' title="bbox 86 1186 1043 1279; baseline 0 -17"><span class='ocrx_word' id='word_1_76' title='bbox 86 1223 140 1264; x_wconf 92' lang='grc' dir='ltr'><strong><em>ναι</em></strong></span> <span class='ocrx_word' id='word_1_77' title='bbox 158 1196 215 1262; x_wconf 84' lang='grc' dir='ltr'><strong><em>καὶ</em></strong></span> <span class='ocrx_word' id='word_1_78' title='bbox 240 1193 417 1263; x_wconf 86' lang='grc' dir='ltr'><strong><em>διαθέσθαι</em></strong></span> <span class='ocrx_word' id='word_1_79' title='bbox 440 1189 480 1262; x_wconf 83' lang='grc' dir='ltr'><strong><em>τά</em></strong></span> <span class='ocrx_word' id='word_1_80' title='bbox 497 1186 615 1262; x_wconf 80' lang='grc' dir='ltr'><strong><em>αύτού·</em></strong></span> <span class='ocrx_word' id='word_1_81' title='bbox 641 1189 723 1262; x_wconf 73' lang='grc' dir='ltr'><strong><em>ἄνευ</em></strong></span> <span class='ocrx_word' id='word_1_82' title='bbox 747 1193 784 1261; x_wconf 72' lang='grc' dir='ltr'><strong><em>δὲ</em></strong></span> <span class='ocrx_word' id='word_1_83' title='bbox 807 1195 874 1262; x_wconf 72' lang='grc' dir='ltr'><strong><em>τῶν</em></strong></span> <span class='ocrx_word' id='word_1_84' title='bbox 894 1198 1043 1279; x_wconf 80' lang='grc' dir='ltr'><strong><em>γνησίων</em></strong></span> 
     </span>
     <span class='ocr_line' id='line_1_11' title="bbox 85 1285 1121 1384; baseline -0.001 -21"><span class='ocrx_word' id='word_1_85' title='bbox 85 1289 360 1384; x_wconf 80' lang='grc' dir='ltr'><strong><em>θυγατέρανούχ</em></strong></span> <span class='ocrx_word' id='word_1_86' title='bbox 377 1289 501 1364; x_wconf 80' lang='grc' dir='ltr'><strong><em>οἷόντε</em></strong></span> <span class='ocrx_word' id='word_1_87' title='bbox 518 1289 595 1362; x_wconf 76' lang='grc' dir='ltr'><strong><em>οὔτε</em></strong></span> <span class='ocrx_word' id='word_1_88' title='bbox 611 1289 814 1380; x_wconf 81' lang='grc' dir='ltr'><strong><em>ποιήσασθαι</em></strong></span> <span class='ocrx_word' id='word_1_89' title='bbox 831 1289 908 1375; x_wconf 86' lang='grc' dir='ltr'><strong><em>ούτε</em></strong></span> <span class='ocrx_word' id='word_1_90' title='bbox 926 1295 1043 1362; x_wconf 83' lang='grc' dir='ltr'><strong><em>δοῦναι</em></strong></span> <span class='ocrx_word' id='word_1_91' title='bbox 1112 1285 1121 1301; x_wconf 71' lang='grc'><strong>’</strong></span> 
     </span>
     <span class='ocr_line' id='line_1_12' title="bbox 84 1389 1097 1482; baseline -0.004 -18"><span class='ocrx_word' id='word_1_92' title='bbox 84 1390 201 1464; x_wconf 86' lang='grc' dir='ltr'><strong><em>ούδενλ</em></strong></span> <span class='ocrx_word' id='word_1_93' title='bbox 225 1391 326 1464; x_wconf 75' lang='grc' dir='ltr'><strong><em>οὐδὲν</em></strong></span> <span class='ocrx_word' id='word_1_94' title='bbox 347 1421 415 1464; x_wconf 83' lang='grc' dir='ltr'><strong><em>ταν</em></strong></span> <span class='ocrx_word' id='word_1_95' title='bbox 438 1397 566 1464; x_wconf 81' lang='grc' dir='ltr'><strong><em>ἑαιπού.</em></strong></span> <span class='ocrx_word' id='word_1_96' title='bbox 611 1389 735 1463; x_wconf 83' lang='grc' dir='ltr'><strong><em>ούκούν</em></strong></span> <span class='ocrx_word' id='word_1_97' title='bbox 758 1400 789 1462; x_wconf 88' lang='grc' dir='ltr'><strong><em>εί</em></strong></span> <span class='ocrx_word' id='word_1_98' title='bbox 809 1389 908 1482; x_wconf 74' lang='grc' dir='ltr'><strong><em>μὲν”</em></strong></span> <span class='ocrx_word' id='word_1_99' title='bbox 887 1419 969 1462; x_wconf 87' lang='grc' dir='ltr'><strong><em>ανευ</em></strong></span> <span class='ocrx_word' id='word_1_100' title='bbox 985 1421 1044 1480; x_wconf 84' lang='grc' dir='ltr'><strong><em>της</em></strong></span> <span class='ocrx_word' id='word_1_101' title='bbox 1060 1418 1097 1470; x_wconf 77' lang='grc'><strong><em>69</em></strong></span> 
     </span>
     <span class='ocr_line' id='line_1_13' title="bbox 85 1491 1042 1615; baseline -0.001 -50"><span class='ocrx_word' id='word_1_102' title='bbox 85 1503 225 1582; x_wconf 84' lang='grc' dir='ltr'><strong><em>γνησίας</em></strong></span> <span class='ocrx_word' id='word_1_103' title='bbox 247 1492 413 1584; x_wconf 80' lang='grc' dir='ltr'><strong><em>θυγατρὸς</em></strong></span> <span class='ocrx_word' id='word_1_104' title='bbox 430 1491 488 1564; x_wconf 82' lang='grc' dir='ltr'><strong><em>τδν</em></strong></span> <span class='ocrx_word' id='word_1_105' title='bbox 500 1491 636 1564; x_wconf 79' lang='grc' dir='ltr'><strong><em>”Ενδιον</em></strong></span> <span class='ocrx_word' id='word_1_106' title='bbox 652 1491 787 1584; x_wconf 87' lang='grc' dir='ltr'><strong><em>Πύρρος</em></strong></span> <span class='ocrx_word' id='word_1_107' title='bbox 811 1497 950 1615; x_wconf 82' lang='grc' dir='ltr'><strong><em>έποιεϊτρ</em></strong></span> <span class='ocrx_word' id='word_1_108' title='bbox 967 1491 1042 1564; x_wconf 83' lang='grc' dir='ltr'><strong><em>υίύν</em></strong></span> 
     </span>
     <span class='ocr_line' id='line_1_14' title="bbox 86 1589 1041 1716; baseline 0 -52"><span class='ocrx_word' id='word_1_109' title='bbox 86 1591 193 1688; x_wconf 74' lang='grc' dir='ltr'><strong><em>αύτῷ,</em></strong></span> <span class='ocrx_word' id='word_1_110' title='bbox 217 1593 339 1684; x_wconf 79' lang='grc' dir='ltr'><strong><em>ἄκυρος</em></strong></span> <span class='ocrx_word' id='word_1_111' title='bbox 361 1590 404 1665; x_wconf 79' lang='grc' dir='ltr'><strong><em>άν</em></strong></span> <span class='ocrx_word' id='word_1_112' title='bbox 427 1623 470 1682; x_wconf 92' lang='grc' dir='ltr'><strong><em>ην</em></strong></span> <span class='ocrx_word' id='word_1_113' title='bbox 492 1591 597 1664; x_wconf 85' lang='grc' dir='ltr'><strong><em>αύτού</em></strong></span> <span class='ocrx_word' id='word_1_114' title='bbox 618 1589 639 1681; x_wconf 81' lang='grc' dir='ltr'><strong><em>ἡ</em></strong></span> <span class='ocrx_word' id='word_1_115' title='bbox 661 1601 791 1682; x_wconf 86' lang='grc' dir='ltr'><strong><em>ποίησις</em></strong></span> <span class='ocrx_word' id='word_1_116' title='bbox 815 1620 898 1716; x_wconf 78' lang='grc' dir='ltr'><strong><em>ηατρι</em></strong></span> <span class='ocrx_word' id='word_1_117' title='bbox 913 1589 972 1664; x_wconf 82' lang='grc' dir='ltr'><strong><em>τὸν</em></strong></span> <span class='ocrx_word' id='word_1_118' title='bbox 987 1593 1041 1664; x_wconf 88' lang='grc' dir='ltr'><strong><em>νύ·</em></strong></span> 
     </span>
     <span class='ocr_line' id='line_1_15' title="bbox 86 1693 1042 1818; baseline -0.003 -52"><span class='ocrx_word' id='word_1_119' title='bbox 86 1715 164 1818; x_wconf 76' lang='grc' dir='ltr'><strong><em>αρν·</em></strong></span> <span class='ocrx_word' id='word_1_120' title='bbox 194 1703 226 1765; x_wconf 86' lang='grc' dir='ltr'><strong><em>εί</em></strong></span> <span class='ocrx_word' id='word_1_121' title='bbox 212 1693 332 1766; x_wconf 70' lang='grc' dir='ltr'><strong><em>ἰδὲ</em></strong></span> <span class='ocrx_word' id='word_1_122' title='bbox 296 1723 356 1783; x_wconf 83' lang='grc' dir='ltr'><strong><em>την</em></strong></span> <span class='ocrx_word' id='word_1_123' title='bbox 372 1698 541 1785; x_wconf 81' lang='grc' dir='ltr'><strong><em>θυγατέρα</em></strong></span> <span class='ocrx_word' id='word_1_124' title='bbox 559 1699 673 1765; x_wconf 86' lang='grc' dir='ltr'><strong><em>ἐδίδου</em></strong></span> <span class='ocrx_word' id='word_1_125' title='bbox 690 1697 745 1764; x_wconf 83' lang='grc' dir='ltr'><strong><em>καὶ</em></strong></span> <span class='ocrx_word' id='word_1_126' title='bbox 757 1697 810 1765; x_wconf 81' lang='grc' dir='ltr'><strong><em>ἐπὶ</em></strong></span> <span class='ocrx_word' id='word_1_127' title='bbox 827 1693 933 1786; x_wconf 82' lang='grc' dir='ltr'><strong><em>τούτῳ</em></strong></span> <span class='ocrx_word' id='word_1_128' title='bbox 949 1719 1042 1782; x_wconf 80' lang='grc' dir='ltr'><strong><em>ποιη</em></strong></span> 
     </span>
     <span class='ocr_line' id='line_1_16' title="bbox 87 1789 1043 1915; baseline 0 -51"><span class='ocrx_word' id='word_1_129' title='bbox 87 1795 226 1885; x_wconf 73' lang='grc' dir='ltr'><strong><em>διέμενος</em></strong></span> <span class='ocrx_word' id='word_1_130' title='bbox 246 1797 432 1885; x_wconf 85' lang='grc' dir='ltr'><strong><em>κατέλιπε,</em></strong></span> <span class='ocrx_word' id='word_1_131' title='bbox 437 1822 507 1876; x_wconf 82' lang='grc' dir='ltr'><strong><em>πως</em></strong></span> <span class='ocrx_word' id='word_1_132' title='bbox 522 1790 565 1865; x_wconf 82' lang='grc' dir='ltr'><strong><em>διν</em></strong></span> <span class='ocrx_word' id='word_1_133' title='bbox 580 1789 675 1883; x_wconf 77' lang='grc' dir='ltr'><strong><em>ὑμεῖς</em></strong></span> <span class='ocrx_word' id='word_1_134' title='bbox 698 1796 703 1881; x_wconf 91' lang='grc' dir='ltr'>Ι</span> <span class='ocrx_word' id='word_1_135' title='bbox 727 1798 923 1915; x_wconf 80' lang='grc' dir='ltr'><strong><em>ἐπετρέψατε</em></strong></span> <span class='ocrx_word' id='word_1_136' title='bbox 940 1798 1043 1864; x_wconf 90' lang='grc' dir='ltr'><strong><em>ἐπιδι-</em></strong></span> 
     </span>
     <span class='ocr_line' id='line_1_17' title="bbox 86 1893 1106 1989; baseline -0.002 -23"><span class='ocrx_word' id='word_1_137' title='bbox 86 1896 242 1981; x_wconf 73' lang='grc' dir='ltr'><strong><em>νίζεσθαι</em></strong></span> <span class='ocrx_word' id='word_1_138' title='bbox 264 1899 311 1989; x_wconf 75' lang='grc' dir='ltr'><strong><em>τῷ</em></strong></span> <span class='ocrx_word' id='word_1_139' title='bbox 331 1924 391 1966; x_wconf 91' lang='grc' dir='ltr'><strong><em>του</em></strong></span> <span class='ocrx_word' id='word_1_140' title='bbox 379 1893 547 1987; x_wconf 89' lang='grc' dir='ltr'><strong><em>Πύρρου</em></strong></span> <span class='ocrx_word' id='word_1_141' title='bbox 565 1898 656 1988; x_wconf 79' lang='grc' dir='ltr'><strong><em>θετῳ</em></strong></span> <span class='ocrx_word' id='word_1_142' title='bbox 681 1923 740 1964; x_wconf 90' lang='grc' dir='ltr'><strong><em>του</em></strong></span> <span class='ocrx_word' id='word_1_143' title='bbox 729 1894 897 1985; x_wconf 88' lang='grc' dir='ltr'><strong><em>Πύρρον</em></strong></span> <span class='ocrx_word' id='word_1_144' title='bbox 919 1893 1043 1983; x_wconf 89' lang='grc' dir='ltr'><strong><em>κληρον</em></strong></span> <span class='ocrx_word' id='word_1_145' title='bbox 1093 1925 1106 1944; x_wconf 56' lang='lat' dir='ltr'><em>f</em></span> 
     </span>
     <span class='ocr_line' id='line_1_18' title="bbox 85 1993 1043 2087; baseline -0.003 -20"><span class='ocrx_word' id='word_1_146' title='bbox 85 1995 169 2068; x_wconf 75' lang='grc' dir='ltr'><strong><em>ἄνευ</em></strong></span> <span class='ocrx_word' id='word_1_147' title='bbox 184 2024 242 2085; x_wconf 91' lang='grc' dir='ltr'><strong><em>της</em></strong></span> <span class='ocrx_word' id='word_1_148' title='bbox 259 2005 396 2085; x_wconf 88' lang='grc' dir='ltr'><strong><em>γνησίας</em></strong></span> <span class='ocrx_word' id='word_1_149' title='bbox 412 1994 595 2086; x_wconf 84' lang='grc' dir='ltr'><strong><em>θυγατρός,</em></strong></span> <span class='ocrx_word' id='word_1_150' title='bbox 624 2002 656 2064; x_wconf 86' lang='grc' dir='ltr'><strong><em>εί</em></strong></span> <span class='ocrx_word' id='word_1_151' title='bbox 670 2024 713 2083; x_wconf 95' lang='grc' dir='ltr'><strong><em>ην</em></strong></span> <span class='ocrx_word' id='word_1_152' title='bbox 730 1999 862 2087; x_wconf 76' lang='grc' dir='ltr'><strong><em>ἐκείνῳ,</em></strong></span> <span class='ocrx_word' id='word_1_153' title='bbox 884 1993 991 2074; x_wconf 88' lang='grc' dir='ltr'><strong><em>αλλως</em></strong></span> <span class='ocrx_word' id='word_1_154' title='bbox 1007 2021 1043 2065; x_wconf 88' lang='grc' dir='ltr'><strong><em>τε</em></strong></span> 
     </span>
    </p>

    <p class='ocr_par' dir='ltr' id='par_1_3' title="bbox 87 2091 1095 2489">
     <span class='ocr_line' id='line_1_19' title="bbox 88 2091 1042 2188; baseline -0.001 -22"><span class='ocrx_word' id='word_1_155' title='bbox 88 2106 116 2169; x_wconf 85' lang='grc' dir='ltr'><strong><em>εί</em></strong></span> <span class='ocrx_word' id='word_1_156' title='bbox 138 2101 196 2167; x_wconf 83' lang='grc' dir='ltr'><strong><em>καλ</em></strong></span> <span class='ocrx_word' id='word_1_157' title='bbox 220 2092 510 2188; x_wconf 52' lang='grc' dir='ltr'><strong><em>ἐμαρτυρήσατε*</em></strong></span> <span class='ocrx_word' id='word_1_158' title='bbox 487 2126 530 2178; x_wconf 83' lang='grc' dir='ltr'><strong><em>ας</em></strong></span> <span class='ocrx_word' id='word_1_159' title='bbox 555 2099 738 2184; x_wconf 79' lang='grc' dir='ltr'><strong><em>ἐπέσκηψεν</em></strong></span> <span class='ocrx_word' id='word_1_160' title='bbox 761 2092 843 2185; x_wconf 79' lang='grc' dir='ltr'><strong><em>ύμῖν</em></strong></span> <span class='ocrx_word' id='word_1_161' title='bbox 865 2091 882 2166; x_wconf 85' lang='grc' dir='ltr'>ὁ</span> <span class='ocrx_word' id='word_1_162' title='bbox 906 2092 1042 2186; x_wconf 76' lang='grc' dir='ltr'><strong><em>ἀδελφι-</em></strong></span> 
     </span>
     <span class='ocr_line' id='line_1_20' title="bbox 88 2187 1095 2288; baseline -0.002 -20"><span class='ocrx_word' id='word_1_163' title='bbox 88 2203 167 2280; x_wconf 83' lang='grc' dir='ltr'><strong><em>δούς</em></strong></span> <span class='ocrx_word' id='word_1_164' title='bbox 185 2202 411 2288; x_wconf 69' lang='grc' dir='ltr'><strong><em>ἐπιμελεῖσθαι</em></strong></span> <span class='ocrx_word' id='word_1_165' title='bbox 428 2197 619 2268; x_wconf 88' lang='grc' dir='ltr'><strong><em>τούτουτον</em></strong></span> <span class='ocrx_word' id='word_1_166' title='bbox 607 2199 782 2282; x_wconf 69' lang='grc' dir='ltr'><strong><em>παιδίους</em></strong></span> <span class='ocrx_word' id='word_1_167' title='bbox 807 2193 880 2267; x_wconf 76' lang='grc' dir='ltr'><strong><em>ἀλλ’</em></strong></span> <span class='ocrx_word' id='word_1_168' title='bbox 894 2187 921 2266; x_wconf 71' lang='grc' dir='ltr'><strong><em>οδ</em></strong></span> <span class='ocrx_word' id='word_1_169' title='bbox 935 2194 1042 2285; x_wconf 87' lang='grc' dir='ltr'><strong><em>’γαθέ,</em></strong></span> <span class='ocrx_word' id='word_1_170' title='bbox 1060 2223 1095 2274; x_wconf 82' lang='lat'><strong><em>70</em></strong></span> 
     </span>
     <span class='ocr_line' id='line_1_21' title="bbox 87 2293 1042 2421; baseline -0.002 -53"><span class='ocrx_word' id='word_1_171' title='bbox 87 2302 183 2369; x_wconf 78' lang='grc' dir='ltr'><strong><em>τούτο</em></strong></span> <span class='ocrx_word' id='word_1_172' title='bbox 200 2299 263 2388; x_wconf 69' lang='grc' dir='ltr'><strong><em>μὲν</em></strong></span> <span class='ocrx_word' id='word_1_173' title='bbox 278 2301 333 2368; x_wconf 83' lang='grc' dir='ltr'><strong><em>καλ</em></strong></span> <span class='ocrx_word' id='word_1_174' title='bbox 351 2307 469 2370; x_wconf 76' lang='grc' dir='ltr'><strong><em>λαθεῖν</em></strong></span> <span class='ocrx_word' id='word_1_175' title='bbox 485 2294 621 2421; x_wconf 83' lang='grc' dir='ltr'><strong><em>φησαιτ’</em></strong></span> <span class='ocrx_word' id='word_1_176' title='bbox 634 2293 677 2368; x_wconf 82' lang='grc' dir='ltr'><strong><em>άν</em></strong></span> <span class='ocrx_word' id='word_1_177' title='bbox 693 2293 793 2388; x_wconf 83' lang='grc' dir='ltr'><strong><em>ύμοῖς·</em></strong></span> <span class='ocrx_word' id='word_1_178' title='bbox 819 2295 953 2369; x_wconf 83' lang='grc' dir='ltr'><strong><em>ύτεδ”</em></strong></span> <span class='ocrx_word' id='word_1_179' title='bbox 933 2296 1042 2419; x_wconf 83' lang='grc' dir='ltr'><strong><em>ηγγύα</em></strong></span> 
     </span>
     <span class='ocr_line' id='line_1_22' title="bbox 87 2394 1042 2489; baseline -0.001 -21"><span class='ocrx_word' id='word_1_180' title='bbox 87 2402 141 2469; x_wconf 83' lang='grc' dir='ltr'><strong><em>καὶ</em></strong></span> <span class='ocrx_word' id='word_1_181' title='bbox 160 2395 340 2483; x_wconf 82' lang='grc' dir='ltr'><strong><em>ἐξεδίδου</em></strong></span> <span class='ocrx_word' id='word_1_182' title='bbox 324 2427 342 2469; x_wconf 87' lang='grc' dir='ltr'><strong><em>ο</em></strong></span> <span class='ocrx_word' id='word_1_183' title='bbox 349 2396 532 2480; x_wconf 74' lang='grc' dir='ltr'><strong><em>”“Ενδιος</em></strong></span> <span class='ocrx_word' id='word_1_184' title='bbox 495 2428 557 2488; x_wconf 91' lang='grc' dir='ltr'><strong><em>την</em></strong></span> <span class='ocrx_word' id='word_1_185' title='bbox 572 2415 726 2488; x_wconf 76' lang='grc' dir='ltr'><strong><em>γυναῖκα,</em></strong></span> <span class='ocrx_word' id='word_1_186' title='bbox 745 2394 966 2489; x_wconf 68' lang='grc' dir='ltr'><strong><em>ἐπετρέπετε“</em></strong></span> <span class='ocrx_word' id='word_1_187' title='bbox 946 2414 1042 2488; x_wconf 82' lang='grc' dir='ltr'><strong><em>νμεῑς</em></strong></span> 
     </span>
    </p>

    <p class='ocr_par' dir='ltr' id='par_1_4' title="bbox 87 2494 1042 2588">
     <span class='ocr_line' id='line_1_23' title="bbox 87 2494 1042 2588; baseline -0.002 -19"><span class='ocrx_word' id='word_1_188' title='bbox 87 2506 120 2569; x_wconf 84' lang='grc' dir='ltr'><strong><em>οί</em></strong></span> <span class='ocrx_word' id='word_1_189' title='bbox 133 2513 224 2570; x_wconf 81' lang='grc' dir='ltr'><strong><em>θεῖοι</em></strong></span> <span class='ocrx_word' id='word_1_190' title='bbox 246 2498 307 2588; x_wconf 76' lang='grc' dir='ltr'><strong><em>τὴν</em></strong></span> <span class='ocrx_word' id='word_1_191' title='bbox 329 2504 391 2571; x_wconf 85' lang='grc' dir='ltr'><strong><em>τού</em></strong></span> <span class='ocrx_word' id='word_1_192' title='bbox 406 2496 588 2588; x_wconf 72' lang='grc' dir='ltr'><strong><em>ἀδελφιδοῦ</em></strong></span> <span class='ocrx_word' id='word_1_193' title='bbox 608 2502 668 2569; x_wconf 80' lang='grc' dir='ltr'><strong><em>τοῦ</em></strong></span> <span class='ocrx_word' id='word_1_194' title='bbox 683 2494 844 2588; x_wconf 75' lang='grc' dir='ltr'><strong><em>ὑμετέρου</em></strong></span> <span class='ocrx_word' id='word_1_195' title='bbox 868 2495 979 2568; x_wconf 76' lang='grc' dir='ltr'><strong><em>αύτοῖν</em></strong></span> <span class='ocrx_word' id='word_1_196' title='bbox 997 2494 1042 2579; x_wconf 79' lang='grc' dir='ltr'><strong><em>εδς</em></strong></span> 
     </span>
    </p>

    <p class='ocr_par' dir='ltr' id='par_1_5' title="bbox 88 2590 1043 2992">
     <span class='ocr_line' id='line_1_24' title="bbox 89 2590 1042 2691; baseline -0.002 -22"><span class='ocrx_word' id='word_1_197' title='bbox 89 2605 118 2684; x_wconf 82' lang='grc' dir='ltr'><strong><em>ἐξ</em></strong></span> <span class='ocrx_word' id='word_1_198' title='bbox 144 2604 276 2690; x_wconf 79' lang='grc' dir='ltr'><strong><em>ἑταίρας</em></strong></span> <span class='ocrx_word' id='word_1_199' title='bbox 298 2590 403 2674; x_wconf 88' lang='grc' dir='ltr'><strong><em>ούσαν</em></strong></span> <span class='ocrx_word' id='word_1_200' title='bbox 427 2603 541 2691; x_wconf 76' lang='grc' dir='ltr'><strong><em>ἐκείνῳ</em></strong></span> <span class='ocrx_word' id='word_1_201' title='bbox 565 2603 763 2686; x_wconf 79' lang='grc' dir='ltr'><strong><em>ἐγγυᾶσθαι,</em></strong></span> <span class='ocrx_word' id='word_1_202' title='bbox 793 2596 899 2679; x_wconf 82' lang='grc' dir='ltr'><strong><em>ἄλλως</em></strong></span> <span class='ocrx_word' id='word_1_203' title='bbox 926 2601 1042 2668; x_wconf 82' lang='grc' dir='ltr'><strong><em>τεκαὶ</em></strong></span> 
     </span>
     <span class='ocr_line' id='line_1_25' title="bbox 88 2693 1043 2792; baseline 0 -22"><span class='ocrx_word' id='word_1_204' title='bbox 88 2704 333 2792; x_wconf 82' lang='grc' dir='ltr'><strong><em>παραγενέσθαι</em></strong></span> <span class='ocrx_word' id='word_1_205' title='bbox 361 2697 558 2790; x_wconf 77' lang='grc' dir='ltr'><strong><em>φάσκοντες,</em></strong></span> <span class='ocrx_word' id='word_1_206' title='bbox 591 2695 648 2769; x_wconf 81' lang='grc' dir='ltr'><strong><em>ὅτε·</em></strong></span> <span class='ocrx_word' id='word_1_207' title='bbox 674 2694 692 2767; x_wconf 88' lang='grc' dir='ltr'>ὁ</span> <span class='ocrx_word' id='word_1_208' title='bbox 721 2695 921 2789; x_wconf 77' lang='grc' dir='ltr'><strong><em>ἀδελφιδοῦς</em></strong></span> <span class='ocrx_word' id='word_1_209' title='bbox 947 2693 1043 2788; x_wconf 74' lang='grc' dir='ltr'><strong><em>ύμοῖν</em></strong></span> 
     </span>
     <span class='ocr_line' id='line_1_26' title="bbox 89 2795 1043 2891; baseline -0.003 -18"><span class='ocrx_word' id='word_1_210' title='bbox 89 2799 233 2891; x_wconf 77' lang='grc' dir='ltr'><strong><em>ἠγγυᾶτο</em></strong></span> <span class='ocrx_word' id='word_1_211' title='bbox 255 2798 316 2890; x_wconf 77' lang='grc' dir='ltr'><strong><em>τὴν</em></strong></span> <span class='ocrx_word' id='word_1_212' title='bbox 337 2803 460 2891; x_wconf 88' lang='grc' dir='ltr'><strong><em>μητέρα</em></strong></span> <span class='ocrx_word' id='word_1_213' title='bbox 482 2796 544 2888; x_wconf 77' lang='grc' dir='ltr'><strong><em>τὴν</em></strong></span> <span class='ocrx_word' id='word_1_214' title='bbox 571 2796 693 2887; x_wconf 89' lang='grc' dir='ltr'><strong><em>ταύτης</em></strong></span> <span class='ocrx_word' id='word_1_215' title='bbox 715 2797 798 2869; x_wconf 76' lang='grc' dir='ltr'><strong><em>κατὰ</em></strong></span> <span class='ocrx_word' id='word_1_216' title='bbox 819 2795 896 2880; x_wconf 85' lang='grc' dir='ltr'><strong><em>τούς</em></strong></span> <span class='ocrx_word' id='word_1_217' title='bbox 920 2796 1043 2890; x_wconf 83' lang='grc' dir='ltr'><strong><em>νόμους</em></strong></span> 
     </span>
     <span class='ocr_line' id='line_1_27' title="bbox 90 2899 1043 2992; baseline -0.002 -19"><span class='ocrx_word' id='word_1_218' title='bbox 90 2907 173 2986; x_wconf 72' lang='grc' dir='ltr'><strong><em>ἕξειν</em></strong></span> <span class='ocrx_word' id='word_1_219' title='bbox 196 2918 356 2992; x_wconf 75' lang='grc' dir='ltr'><strong><em>γυναῖκα,</em></strong></span> <span class='ocrx_word' id='word_1_220' title='bbox 385 2909 431 2972; x_wconf 83' lang='grc' dir='ltr'><strong><em>ἔτι</em></strong></span> <span class='ocrx_word' id='word_1_221' title='bbox 457 2901 494 2972; x_wconf 72' lang='grc' dir='ltr'><strong><em>δὲ</em></strong></span> <span class='ocrx_word' id='word_1_222' title='bbox 516 2903 572 2970; x_wconf 83' lang='grc' dir='ltr'><strong><em>καὶ</em></strong></span> <span class='ocrx_word' id='word_1_223' title='bbox 595 2904 631 2971; x_wconf 83' lang='grc' dir='ltr'><strong><em>ἐν</em></strong></span> <span class='ocrx_word' id='word_1_224' title='bbox 653 2903 695 2990; x_wconf 74' lang='grc' dir='ltr'><strong><em>τῇ</em></strong></span> <span class='ocrx_word' id='word_1_225' title='bbox 718 2899 837 2992; x_wconf 77' lang='grc' dir='ltr'><strong><em>δεκάτη</em></strong></span> <span class='ocrx_word' id='word_1_226' title='bbox 859 2905 901 2992; x_wconf 80' lang='grc' dir='ltr'><strong><em>τῇ</em></strong></span> <span class='ocrx_word' id='word_1_227' title='bbox 921 2899 1043 2988; x_wconf 82' lang='grc' dir='ltr'><strong><em>ταύτης</em></strong></span> 
     </span>
    </p>
   </div>
   <div class='ocr_carea' id='block_1_3' title="bbox 1 2999 1218 3596">
    <p class='ocr_par' dir='ltr' id='par_1_6' title="bbox 90 2999 1092 3093">
     <span class='ocr_line' id='line_1_28' title="bbox 90 2999 1092 3093; baseline -0.002 -21"><span class='ocrx_word' id='word_1_228' title='bbox 90 3005 266 3092; x_wconf 83' lang='grc' dir='ltr'><strong><em>κληθέντες</em></strong></span> <span class='ocrx_word' id='word_1_229' title='bbox 282 3006 533 3088; x_wconf 70' lang='grc' dir='ltr'><strong><em>συνεστιᾶσθαις</em></strong></span> <span class='ocrx_word' id='word_1_230' title='bbox 560 3000 642 3093; x_wconf 83' lang='grc' dir='ltr'><strong><em>πρδς</em></strong></span> <span class='ocrx_word' id='word_1_231' title='bbox 660 3003 696 3071; x_wconf 73' lang='grc' dir='ltr'><strong><em>δέ</em></strong></span> <span class='ocrx_word' id='word_1_232' title='bbox 713 3000 840 3084; x_wconf 79' lang='grc' dir='ltr'><strong><em>τούτοις</em></strong></span> <span class='ocrx_word' id='word_1_233' title='bbox 858 3001 963 3092; x_wconf 82' lang='grc' dir='ltr'><strong><em>(τουτὶ</em></strong></span> <span class='ocrx_word' id='word_1_234' title='bbox 981 2999 1044 3092; x_wconf 85' lang='grc' dir='ltr'><strong><em>γάρ</em></strong></span> <span class='ocrx_word' id='word_1_235' title='bbox 1061 3015 1092 3065; x_wconf 88' lang='grc'><strong><em>71</em></strong></span> 
     </span>
    </p>

    <p class='ocr_par' dir='ltr' id='par_1_7' title="bbox 1 3098 1218 3596">
     <span class='ocr_line' id='line_1_29' title="bbox 90 3098 1218 3225; baseline -0.002 -53"><span class='ocrx_word' id='word_1_236' title='bbox 90 3102 124 3173; x_wconf 85' lang='grc' dir='ltr'><strong><em>τδ</em></strong></span> <span class='ocrx_word' id='word_1_237' title='bbox 142 3103 255 3174; x_wconf 87' lang='grc' dir='ltr'><strong><em>δεινόν</em></strong></span> <span class='ocrx_word' id='word_1_238' title='bbox 273 3103 374 3192; x_wconf 86' lang='grc' dir='ltr'><strong><em>ἐστιν)</em></strong></span> <span class='ocrx_word' id='word_1_239' title='bbox 393 3107 570 3225; x_wconf 74' lang='grc' dir='ltr'><strong><em>ἐπισκῆφαι</em></strong></span> <span class='ocrx_word' id='word_1_240' title='bbox 588 3101 770 3192; x_wconf 78' lang='grc' dir='ltr'><strong><em>φάσκοντες</em></strong></span> <span class='ocrx_word' id='word_1_241' title='bbox 782 3098 864 3193; x_wconf 81' lang='grc' dir='ltr'><strong><em>ύμῖν</em></strong></span> <span class='ocrx_word' id='word_1_242' title='bbox 880 3099 938 3173; x_wconf 86' lang='grc' dir='ltr'><strong><em>τδν</em></strong></span> <span class='ocrx_word' id='word_1_243' title='bbox 948 3099 1043 3172; x_wconf 80' lang='grc' dir='ltr'><strong><em>οἷδελ</em></strong></span> <span class='ocrx_word' id='word_1_244' title='bbox 1217 3099 1218 3110; x_wconf 62' lang='grc'>’</span> 
     </span>
     <span class='ocr_line' id='line_1_30' title="bbox 91 3200 1042 3326; baseline -0.001 -53"><span class='ocrx_word' id='word_1_245' title='bbox 91 3209 212 3291; x_wconf 83' lang='grc' dir='ltr'><strong><em>φιδούν</em></strong></span> <span class='ocrx_word' id='word_1_246' title='bbox 230 3209 453 3293; x_wconf 69' lang='grc' dir='ltr'><strong><em>ἐπιμελεῖσθαι</em></strong></span> <span class='ocrx_word' id='word_1_247' title='bbox 470 3202 590 3325; x_wconf 80' lang='grc' dir='ltr'><strong><em>τρύτου</em></strong></span> <span class='ocrx_word' id='word_1_248' title='bbox 606 3231 666 3273; x_wconf 87' lang='grc' dir='ltr'><strong><em>τον</em></strong></span> <span class='ocrx_word' id='word_1_249' title='bbox 654 3200 891 3326; x_wconf 78' lang='grc' dir='ltr'><strong><em>παιδίον,”</em></strong></span> <span class='ocrx_word' id='word_1_250' title='bbox 848 3231 953 3285; x_wconf 83' lang='grc' dir='ltr'><strong><em>ουτως</em></strong></span> <span class='ocrx_word' id='word_1_251' title='bbox 972 3205 1042 3272; x_wconf 88' lang='grc' dir='ltr'><strong><em>ε’πε-</em></strong></span> 
     </span>
     <span class='ocr_line' id='line_1_31' title="bbox 92 3293 1042 3394; baseline -0.002 -20"><span class='ocrx_word' id='word_1_252' title='bbox 92 3305 253 3394; x_wconf 78' lang='grc' dir='ltr'><strong><em>μελήθητε</em></strong></span> <span class='ocrx_word' id='word_1_253' title='bbox 270 3301 348 3375; x_wconf 71' lang='grc' dir='ltr'><strong><em>ὥστ’</em></strong></span> <span class='ocrx_word' id='word_1_254' title='bbox 368 3309 461 3375; x_wconf 83' lang='grc' dir='ltr'><strong><em>ἐάσαι</em></strong></span> <span class='ocrx_word' id='word_1_255' title='bbox 478 3299 522 3385; x_wconf 73' lang='grc' dir='ltr'><strong><em>ὥς</em></strong></span> <span class='ocrx_word' id='word_1_256' title='bbox 544 3307 612 3387; x_wconf 81' lang='grc' dir='ltr'><strong><em>ἐξ</em></strong></span> <span class='ocrx_word' id='word_1_257' title='bbox 595 3332 725 3393; x_wconf 85' lang='grc' dir='ltr'><strong><em>εταιρας</em></strong></span> <span class='ocrx_word' id='word_1_258' title='bbox 746 3293 852 3374; x_wconf 86' lang='grc' dir='ltr'><strong><em>ούσαν</em></strong></span> <span class='ocrx_word' id='word_1_259' title='bbox 869 3299 974 3390; x_wconf 86' lang='grc' dir='ltr'><strong><em>αύτην</em></strong></span> <span class='ocrx_word' id='word_1_260' title='bbox 992 3306 1042 3390; x_wconf 86' lang='grc' dir='ltr'><strong><em>ἐγ-</em></strong></span> 
     </span>
     <span class='ocr_line' id='line_1_32' title="bbox 94 3398 1043 3494; baseline -0.002 -20"><span class='ocrx_word' id='word_1_261' title='bbox 94 3408 245 3494; x_wconf 78' lang='grc' dir='ltr'><strong><em>γυᾶσθαι,</em></strong></span> <span class='ocrx_word' id='word_1_262' title='bbox 264 3402 370 3486; x_wconf 81' lang='grc' dir='ltr'><strong><em>άλλως</em></strong></span> <span class='ocrx_word' id='word_1_263' title='bbox 381 3407 483 3475; x_wconf 81' lang='grc' dir='ltr'><strong><em>τεκαὶ</em></strong></span> <span class='ocrx_word' id='word_1_264' title='bbox 496 3411 636 3494; x_wconf 80' lang='grc' dir='ltr'><strong><em>ἔχουσαν</em></strong></span> <span class='ocrx_word' id='word_1_265' title='bbox 652 3402 797 3492; x_wconf 75' lang='grc' dir='ltr'><strong><em>τοῦνομα</em></strong></span> <span class='ocrx_word' id='word_1_266' title='bbox 813 3406 871 3492; x_wconf 82' lang='grc' dir='ltr'><strong><em>τῆς</em></strong></span> <span class='ocrx_word' id='word_1_267' title='bbox 883 3398 1043 3494; x_wconf 87' lang='grc' dir='ltr'><strong><em>ύμετέρας</em></strong></span> 
     </span>
     <span class='ocr_line' id='line_1_33' title="bbox 1 3501 688 3596; baseline 0.003 -25"><span class='ocrx_word' id='word_1_268' title='bbox 1 3538 2 3566; x_wconf 68' lang='grc' dir='ltr'><strong><em>ι</em></strong></span> <span class='ocrx_word' id='word_1_269' title='bbox 96 3501 201 3579; x_wconf 75' lang='grc' dir='ltr'><strong><em>αύτοῖν</em></strong></span> <span class='ocrx_word' id='word_1_270' title='bbox 217 3501 423 3596; x_wconf 82' lang='grc' dir='ltr'><strong><em>ύδελφης,</em></strong></span> <span class='ocrx_word' id='word_1_271' title='bbox 398 3533 443 3586; x_wconf 84' lang='grc' dir='ltr'><strong><em>ως</em></strong></span> <span class='ocrx_word' id='word_1_272' title='bbox 462 3508 688 3595; x_wconf 78' lang='grc' dir='ltr'><strong><em>ἐμαρτυρείτε;</em></strong></span> 
     </span>
    </p>
   </div>
   <div class='ocr_carea' id='block_1_4' title="bbox 0 0 1237 3948">
    <p class='ocr_par' dir='ltr' id='par_1_8' title="bbox 0 0 1237 3948">
     <span class='ocr_line' id='line_1_34' title="bbox 0 0 1237 3948; baseline 0 0"><span class='ocrx_word' id='word_1_273' title='bbox 0 0 1237 3948; x_wconf 95' lang='lat' dir='ltr'><strong><em> </em></strong></span> 
     </span>
    </p>
   </div>
  </div>
 </body>
</html>
