2442 3948
48 282 75 331 p.
94 265 137 315 72.
257 263 349 316 ΠΕΡΙ
365 262 442 316 Tm*
457 261 620 316 ΚΙΡΩΝΟΣ
637 263 799 318 ΚΛΗΡΟΤ.
947 271 1005 334 111

127 429 180 506 06
208 442 324 505 τοίνυν
352 437 389 504 ἐκ
416 433 536 505 τούτου
557 433 676 524 μόνον,
704 432 786 506 άλλά
809 439 864 506 καὶ
888 440 924 506 ἐκ
947 440 1009 506 τοῦ
1023 455 1058 508 32

50 538 204 626 περὶτῆς
226 533 400 616 κακώσεως
422 534 543 658 νόμου
550 535 652 625 δήλόν
675 540 773 606 ἐστιν.
816 541 847 606 εί
867 534 929 660 γάρ
952 544 1006 626 ἔζη

48 638 112 726 μὲν
128 631 147 706 ὃ
166 633 317 725 πάππος,
334 633 448 757 ἐνδεής
467 625 543 705 δὲ
521 665 564 723 ην
574 663 642 706 των
655 633 923 725 ἐπιτηδείων,’
884 665 947 706 ουκ
963 632 1006 708 άν

49 727 148 816 οὗτος
166 725 364 816 ὑπόδικος
341 764 383 824 ην
394 738 452 824 τής
463 735 638 818 κακώσεως
655 732 729 806 ἄλλ’
747 730 850 825 ήμεῑς.
878 736 1005 807 κελεύει

49 835 114 926 γάρ
137 840 274 925 τρέφειν
294 833 371 917 τούς
393 838 525 924 γονέας·
547 853 656 925 γονεῖς
680 833 712 907 δ’
737 839 800 907 εἰσὶ
822 834 928 959 μήτηρ
950 840 1006 906 καί

48 934 161 1028 πατήρ
183 939 239 1006 καὶ
261 936 392 1018 πάππος
414 939 470 1008 καὶ
491 934 579 1026 τήθη
601 939 656 1008 καὶ
678 935 805 1007 τούτων
827 933 1006 1028 μήτηρκαὶ

49 1037 176 1127 πατήρ,
202 1035 260 1107 ἐάν
282 1045 329 1107 ἐτι
351 1039 471 1121 ζεόσινλ
488 1041 606 1108 ἐκεῖνον
627 1035 691 1128 γάρ
712 1035 795 1127 άρχή
811 1041 1007 1125 τοῦγένους

52 1145 136 1226 εἰσί,
155 1140 208 1207 καὶ
225 1136 266 1208 τά
284 1141 420 1208 ἐκείνων
436 1144 655 1228 παραδέδωκε
670 1155 740 1218 τοῖς
759 1137 918 1227 ἐκγόνοις·
939 1137 1006 1209 διό-

52 1265 116 1328 περ
138 1235 265 1326 ἀνάγκη
287 1241 421 1362 τρέφειν
448 1235 569 1320 αὐτούς
593 1242 677 1328 ἐστι,
702 1233 765 1308 κάν
781 1238 886 1326 μηδὲν
909 1267 1004 1308 κατα-

49 1347 181 1409 λίπωσι.
223 1365 292 1420 πως
314 1329 376 1409 οὖν
400 1337 530 1410 δίκαιόν
548 1343 651 1428 ἐστιν,
675 1337 733 1411 ἐάν
749 1339 811 1428 μὲν
827 1338 933 1427 μηδὲν
949 1367 1005 1408 κα-

49 1446 250 1527 ταλίπωοιν,
274 1434 357 1528 ήμάς
379 1435 560 1520 ὑποδίκους
578 1441 722 1510 εἶναι
680 1468 738 1528 της
755 1436 944 1527 κακώσεως,
962 1434 1006 1527 ἢν

50 1539 96 1629 μή
120 1543 309 1662 τρέφωμεν,
340 1548 371 1610 εί
393 1543 433 1610 δέ
455 1569 487 1610 τι
488 1530 777 1664 καταλελοίπασὶ,
801 1534 894 1609 τόνδ’
920 1540 1003 1610 εἶναι

51 1638 257 1731 κληρονόμον
275 1637 357 1709 άλλά
373 1639 417 1730 μή
434 1636 536 1730 ήμάςς
533 1637 706 1730 οόδαμως
725 1639 903 1730 δήπουθεν.

125 1739 254 1830 Πρός”
234 1769 293 1811 ενα
311 1739 398 1810 δὲ
364 1769 422 1812 τον
433 1767 640 1831 πρωτοντων
652 1762 823 1829 συγγενων
840 1739 1003 1831 προσάξω,
1022 1765 1057 1819 33

51 1845 106 1910 καὶ
131 1845 193 1911 του”
211 1843 329 1930 γένους
352 1838 433 1911 καθ’
452 1844 588 1910 ἕκαστον
609 1835 694 1929 δμάς
713 1838 878 1930 ἐρωτήσω·
902 1843 1005 1931 ῥᾷστα

52 1940 113 2032 γάρ
130 1937 218 2012 οὕτω
235 1937 367 2030 μάθοιτ’
386 1939 436 2012 άν.
472 1949 623 2033 Κέρωνος
651 1939 789 2029 πότερον
810 1937 960 2028 θυγάτηρ
983 1935 1004 2027 ἢ

52 2039 194 2130 άδελφδς
219 2044 381 2134 ἐγγυτέρω
403 2045 465 2112 τοῦ
486 2045 603 2130 γένους
628 2045 713 2128 ἐστί;
745 2043 846 2128 δήλου
869 2037 932 2129 γάρ
954 2037 1005 2109 ότι

52 2141 217 2233 θυγάτηρ·
241 2137 263 2230 ή
284 2143 345 2232 μέν
366 2141 428 2234 γάρ
454 2146 485 2226 ἐξ
505 2146 633 2213 ἐκείνου
654 2143 806 2231 γε’γονεν,
830 2136 847 2212 ὁ
872 2142 910 2210 δέ
932 2137 1002 2232 μετ’

53 2247 190 2313 ἐκείνου.
226 2241 394 2333 θυγατρός
413 2244 450 2312 δὲ
467 2249 583 2324 παῖδες
603 2237 800 2332 ήάδελφός;
818 2247 934 2322 παῖδες
948 2240 1004 2331 δή·

52 2356 195 2414 πουδεν·
219 2345 314 2431 γένος
338 2341 400 2432 γάρ
418 2341 491 2413 ἀλλ’
510 2341 583 2433 οὐχὶ
601 2347 777 2432 συγγένεια
793 2338 885 2413 τοῦτ’
906 2345 1003 2411 ἐστίν.

53 2452 84 2512 εί
106 2443 147 2532 δή
170 2446 350 2535 προέχομεν
373 2440 523 2532 άδελφοό
538 2447 711 2533 τοσοότον,
735 2434 757 2530 ή
773 2471 838 2513 που
855 2445 956 2510 τοάδέ
970 2438 1003 2528 γ’

53 2541 144 2625 ὄντος
162 2539 348 2632 άδελφιδοῦ
369 2542 524 2632 πάμπολυ
542 2541 698 2634 πρότεροί
719 2547 825 2632 ἐσμεν.
860 2543 1006 2610 Δέδοικα
1023 2552 1056 2604 34

55 2645 89 2713 δὲ
105 2643 151 2735 μή
169 2651 244 2715 λίαν
261 2639 509 2733 ὁμολογούμενα
520 2645 625 2730 λέγων
643 2646 790 2730 ἐνοχλεῖν
806 2637 887 2729 ὑμῖν
906 2638 1004 2722 δόξω·

53 2744 172 2826 πάντες
189 2742 251 2837 γάρ
268 2740 363 2833 ὑμεῖς
380 2745 447 2813 τάν
464 2739 643 2835 πατρρότον,
661 2746 728 2812 τοῖν
739 2738 921 2834 παππςόων,
939 2743 1006 2810 των

54 2851 99 2914 ἔτι
120 2846 301 2937 περαιτέρω
326 2854 557 2936 κληρονομείτε
582 2847 618 2912 ἐκ
634 2845 751 2932 γένους
769 2839 1004 2933 παρειληφότες

53 2944 111 3033 τήν
128 2944 317 3035 ἀγχιστείαν
334 2942 543 3033 άνεπίδικον,
568 2947 628 3014 καί
645 2939 708 3016 οόκ
725 2940 793 3014 οἶδ’
813 2953 846 3013 ελ
858 2972 923 3013 τινι
941 2940 1005 3031 πρδ

54 3051 111 3116 τοῦ
138 3044 270 3118 πάντοτε
297 3047 443 3126 τοιοάτος
465 3042 556 3134 άγάν
583 3048 798 3135 συμβέβηκεν.
839 3039 1004 3131 άναγνοδς

55 3135 114 3217 οὖν
130 3145 189 3219 τόν
205 3149 262 3237 τής
279 3145 452 3228 κακάσεως
469 3145 588 3236 νόμον,
608 3137 656 3217 τόν
674 3151 770 3219 ἕνεκα
781 3147 885 3215 ταῦτα
896 3150 1004 3231 γίγνε·

55 3274 121 3338 ται,
140 3251 196 3319 καί
213 3244 306 3318 τουτ’
325 3245 390 3336 ήδη
408 3246 603 3339 πειράσομαι
622 3246 799 3318 διδάσκειν.

461 3411 599 3463 ΝΟΜΟΣ.

125 3565 241 3646 Κίρων
263 3547 326 3644 γάρ
351 3554 500 3641 ἐκέκτητο
527 3548 666 3640 οὐσίαν,
695 3540 880 3638 άάνδρες,
904 3541 1005 3637 άγρδν
1022 3560 1055 3615 3⁶
