2510 3948
191 258 252 323 158
542 256 798 315 ΑΙΣΧΙΝΟΤ

190 418 248 499 τὰς
258 420 394 506 γνώμας
404 421 659 502 ἐπιψηφίζοντα,
680 412 744 482 οὐκ
762 417 1006 503 ἐπιδημοῦντος
1017 419 1055 485 ἐν
1066 424 1151 484 Μα-

192 522 327 604 κεδονία
338 521 524 599 Φιλίππου,
546 509 614 581 ἀλλ’
629 510 705 580 οὐδ’
718 514 755 580 ἐν
772 523 813 600 τῇ
825 511 958 585 Ἑλλάδι
969 514 1149 600 παρόντος,

192 615 258 687 ἀλλ’
279 620 317 686 ἐν
333 616 489 693 Σκύθαις
510 613 600 684 οὕτω
620 609 753 700 μακράν
775 611 935 693 άπόντος·
964 613 1007 682 δν
1029 614 1150 684 αὐτίκα

190 717 279 803 μάλα
296 714 453 801 τολμήσει
475 717 584 798 λέγειν
601 716 825 799 Δημοσθένης
848 711 891 792 ὡς
913 715 979 798 ἐγώ
998 717 1052 783 ἐπὶ
1068 713 1148 792 τούς

183 812 344 902 Ἕλληνας
354 813 531 900 ἐπήγαγον.
563 815 617 880 καὶ
628 811 856 898 παρελθόντες
867 820 907 900 τῇ
918 813 1036 899 πρώτη
1049 835 1151 895 στρα-
1166 829 1209 884 129

191 922 260 1002 τείμ
277 916 333 981 καλ
349 911 437 998 μάλα
453 918 591 997 μετρίως
608 908 789 996 ἐχρήσαντο
806 925 874 988 τοῖς
891 909 1145 996 Ἀμφισσεῦσιν·
1239 921 1240 930 ’

191 1010 265 1081 ἀντὶ
275 1008 341 1098 γάρ
352 1018 420 1079 τοῖν
430 1017 594 1096 μεγίστων
606 1008 820 1097 ἀδικημάτων
836 1011 1004 1097 χρήμασιν
1022 1009 1146 1090 αὐτοὺς
1239 1011 1240 1048 ³

191 1113 389 1197 ἐζημίωσαν,
408 1111 463 1178 καὶ
473 1108 562 1177 ταῦτ’
574 1113 612 1177 ἐν
624 1112 712 1197 ῥητῷ
722 1110 833 1196 χρόνῳ
845 1124 1008 1194 προεῖπον
1017 1119 1067 1201 τῷ
1077 1119 1146 1200 θεῷ

191 1220 403 1296 καταθεῖναι,
426 1212 480 1278 καὶ
492 1211 572 1288 τούς
582 1211 645 1296 μὲν
664 1211 792 1294 ἐναγεῖς
809 1209 943 1277 καὶτῶν
955 1214 1148 1294 πεπραγμέ-

191 1336 263 1378 νων
275 1315 400 1388 αίτίους
411 1308 670 1395 μετεστήσαντο,
694 1306 773 1386 τούς
785 1310 821 1374 δὲ
840 1303 878 1374 δι’
893 1304 1062 1394 εὐσέβειαν
1073 1335 1146 1392 φυ-

191 1409 313 1494 γόντας
325 1409 523 1495 κατήγαγον.
557 1405 719 1492 ἐπειδὴδὲ
735 1406 813 1474 οὐτε
823 1406 864 1474 τά
881 1408 1033 1494 χρήματα
1046 1409 1147 1487 ἐξέτι-
1239 1439 1240 1516 η

191 1535 254 1576 νον
265 1516 312 1596 τῷ
322 1514 393 1596 θεῷ
409 1508 489 1584 τούς
506 1505 532 1573 τ’
543 1509 672 1591 ἐναγεῖς
688 1507 876 1592 κατήγαγον
893 1511 949 1575 καὶ
958 1506 1038 1586 τούς
1049 1504 1142 1574 εὐσε-

191 1615 261 1694 βεῖς
270 1605 496 1682 κατελθόντας
507 1601 561 1672 διά
572 1613 641 1672 τοῖν
648 1602 903 1690 Ἀμφικτνόνων
909 1609 1076 1693 ἐξέβαλον,
1085 1605 1149 1673 οὕ-

123 1721 174 1775 520
192 1703 330 1792 τωςήδη
351 1700 414 1791 τήν
432 1709 593 1788 δευτέραν
610 1710 785 1790 στρατείαν
801 1701 941 1783 ἐπὶτούς
948 1699 1152 1790 Ἀμφισσέας

191 1805 399 1892 ἐποιήσαντο,
422 1811 534 1894 πολλῷ
557 1805 666 1898 χρόνῳ
680 1802 832 1890 ὕστερον,
857 1804 1152 1890 ἐπανεληλυθότος

192 1911 361 1974 Φιλίππου
372 1909 409 1972 ἐκ
419 1913 478 1990 τῆς
489 1907 542 1971 ἐπὶ
551 1901 630 1982 τούς
642 1903 784 1981 Σκύδας
798 1911 985 1989 στρατείας,
999 1911 1068 1972 τῶν
1083 1907 1150 1989 μὲν

190 2000 357 2090 δεύντήν
372 2002 621 2090 ήγεμονίαντής
638 2000 807 2089 εὐσεβείας
817 1999 897 2088 ἡμῖν
907 2001 1149 2087 παραδεδωκό-
1239 2063 1240 2072 ,

190 2129 275 2187 των,
290 2111 348 2186 τῆς
364 2103 654 2188 δὲΔημοσδένους
664 2106 868 2188 δωροδοκίας
884 2101 1040 2189 ἐμποδών
1051 2127 1147 2188 γεγε-
1239 2075 1240 2132 δ

191 2203 343 2286 νημένης.

273 2295 353 2366 Ἀλλ’
370 2294 411 2367 οὐ
422 2298 620 2384 προῦλεγον,
634 2297 675 2365 οὐ
686 2299 936 2386 προεσήμαινον
945 2297 1025 2385 ἡμῖν
1039 2303 1076 2366 ol
1085 2309 1149 2367 θε-
1168 2322 1212 2376 13⁰

192 2401 223 2468 ολ
242 2397 472 2484 φυλάξασθαι,
495 2395 603 2481 μόνον
620 2393 681 2464 οὐκ
703 2394 898 2484 ἀνθρώπων
911 2396 1148 2483 φωνάςπροσ-

191 2498 408 2583 κτησάμενοις
437 2493 598 2582 οὐδεμίαν
609 2522 661 2565 τοι
675 2497 809 2564 πάποτε
827 2502 931 2581 ἔγωγε
939 2502 1070 2580 μᾶλλον
1082 2496 1172 2564 πό-.

189 2605 245 2665 λιν
255 2595 386 2683 ἑόρακα
397 2592 463 2662 ὑπὸ
474 2594 535 2680 μὲν
545 2603 613 2663 τῶν
625 2603 718 2664 θεῶν
729 2597 934 2681 σωζομένην,
945 2592 1010 2662 ὑπὸ
1028 2595 1066 2662 δὲ
1077 2603 1149 2664 τῶν

191 2693 344 2782 ρητόρων
360 2696 459 2762 ἐνίων
475 2691 718 2781 ἀπολλυμένην.
754 2693 815 2779 οὐχ
832 2692 951 2762 ίκανδυ
971 2688 1015 2782 ἦν
1027 2693 1065 2762 τό
1078 2709 1148 2772 τοῖς

190 2798 384 2881 μυστηρίοις
394 2793 502 2876 φανὲν
513 2808 650 2879 σημεῖον
662 2790 914 2879 φνλάξασδαι,ή
927 2800 995 2860 τῶν
1006 2789 1149 2877 μυστῶν

190 2888 326 2975 τελευτή
332 2917 340 2967 ;
369 2886 411 2955 οὐ
428 2893 503 2975 περὶ
519 2890 648 2958 τούτων
663 2889 866 2977 Ἀμεινιάδης
883 2892 946 2974 μὲν
956 2886 1150 2975 προύλεγεν

190 2986 406 3075 εὐλαβεῖσθαι
422 2989 478 3055 καὶ
488 2990 634 3074 ’πέμπειν
651 2996 696 3069 είς
708 2987 866 3074 Δελφούς
880 2986 1150 3075 ἐπερησομένους

189 3084 360 3174 τὸνθεόν,
373 3084 393 3154 ὅ
406 3113 438 3154 τι
448 3085 509 3174 χρή
521 3088 695 3172 πράττειν,
708 3092 932 3174 Δημοσθένης
943 3089 980 3153 δὲ
990 3083 1148 3168 ἀντέλεγε

104 3184 170 3261 ἐνι
191 3190 392 3270 φιλιππίζειν
404 3185 465 3272 τήν
476 3192 614 3254 Πυθίαν
631 3186 789 3272 φάσκων,
812 3183 1009 3262 ἀπαίδευτος
1027 3179 1078 3251 ὐν
1090 3183 1149 3250 καὶ

190 3283 372 3352 άπολαύων
383 3287 439 3354 καὶ
449 3284 695 3372 ἐμπιπλάμενος
710 3292 769 3370 τῆς
785 3287 960 3372 διδομένης
976 3281 1033 3368 ὑφ’
1047 3279 1149 3368 ὑμῶν
1174 3289 1212 3360 ιδ’

188 3379 279 3466 αὐτῷ
291 3387 455 3463 ἐξουσίας;
474 3382 515 3452 οὐ
527 3381 563 3450 τό
576 3392 764 3451 τελευταῖον
774 3380 913 3450 άθύτων
924 3383 979 3450 καὶ
989 3378 1148 3448 άκαλλιε-
1170 3396 1209 3447 131
1239 3401 1240 3430 ³

188 3478 300 3561 ρήτων
317 3488 384 3546 τῶν
402 3485 503 3562 λερῶν
524 3482 632 3550 ὄντων
653 3486 811 3569 ἐξέπεμψε
834 3482 913 3562 τοὺς
941 3479 1149 3566 στρατιώτας
