2442 3948
87 251 109 301 μ.
125 233 162 284 58.
205 235 294 287 ΠΕΡΙ
310 234 386 288 ΤΟΤ
404 233 704 286 ΦΙΛΟΚΤΗΜΟΝΟΣ
721 235 886 288 ΚΔΗΡΟΤ.
988 241 1029 304 75

482 402 618 455 ΝΟΜΟΣ.

152 501 273 576 Ούτοσί
289 501 307 578 ὁ
324 504 440 596 νόμος,
468 496 496 576 ῶ
511 504 649 598 ἀνδρες,
667 505 776 587 κοινὸς
792 504 894 578 ἀπασι
913 523 1028 596 κεῖται,
1045 523 1063 574 9

87 608 196 687 ἐξεῖναι
220 605 262 677 τὰ
288 609 411 678 ἑαυτοῦ
442 611 638 695 διαθέσθαι,
672 604 729 678 έάν
754 635 799 696 μη
825 614 940 688 παίδες
967 597 1028 678 ῶσι

85 705 202 794 γνήσιοι
226 705 381 800 ἀρρενες,
410 705 468 778 ἐὰν
484 706 528 797 μή
546 705 612 798 ἀρα
626 710 741 797 μανείς
759 704 780 795 ή
797 703 864 780 ὑπὸ
880 705 989 798 γήρως
1006 702 1027 796 ή

87 803 124 874 δι’
139 805 216 878 ἀλλο
231 837 264 878 τι
280 813 348 879 τῶν
366 811 403 880 έν
418 812 466 902 τῷ
481 807 572 902 νόμῳ
590 813 767 900 παρανοῶν
785 811 951 896 διαθῆται.
977 805 1028 878 ὅτι

86 903 113 974 δ’
136 905 246 978 οὐδενί
271 908 400 981 τούτων
426 915 536 998 ἔνοχος
567 900 611 997 ἦν
637 907 869 999 Φιλοκτήμων,
905 912 1029 1000 βραχέα

85 1006 175 1079 είπῶν
192 1009 331 1099 δηλύσω
348 1005 438 1100 ὑμῖν.
470 1007 560 1091 ὅστις
575 1007 639 1101 γὰρ
656 1013 711 1080 καὶ
729 1013 789 1090 ἕως
808 1017 861 1098 έζη
878 1014 1028 1080 τοιοῦτον

86 1118 207 1199 πολίτην
226 1108 348 1181 ἑαυτὸν
364 1127 538 1202 παρεῖχαν,
561 1107 645 1182 ῶστε
664 1107 719 1180 διά
735 1108 772 1181 τὸ
789 1105 850 1198 ὑφ’
870 1105 965 1200 ὑμῶν
981 1140 1027 1182 τι·

86 1211 194 1294 μεῖσθαι
211 1209 327 1303 ἀργειν
348 1208 540 1300 ἀξιοῦσθαι,
567 1214 623 1281 καὶ
641 1209 830 1299 ἐτελεύτησε
846 1210 1027 1300 μαχόμενος

84 1324 141 1390 τοις
156 1320 338 1402 πολεμίοις,
365 1316 434 1393 πῶς
452 1310 496 1382 ἀν
510 1341 560 1392 τις
576 1316 694 1384 τούτου
711 1309 903 1401 τολμήσειεν
921 1318 1028 1382 εἰπεῖν

84 1402 121 1488 ῶς
136 1408 194 1482 ούκ
211 1403 252 1483 εύ
272 1411 422 1504 έφρόνει;

123 1508 206 1582 ’Ὅτι
230 1515 294 1604 μὲν
319 1503 382 1586 νύν
408 1517 539 1584 διέθετο
556 1516 612 1583 καί
630 1512 803 1603 ἐποιήσατο
821 1505 862 1584 εὖ
878 1516 1025 1605 φρονῶν,
1046 1532 1078 1583 10

84 1607 146 1691 ἐξὸν
157 1609 262 1708 αύτῷ,
282 1611 512 1685 ἀποδέδεικται
529 1610 627 1704 ύμτν,
649 1610 732 1686 ῶστε
750 1611 832 1685 κατά
849 1616 911 1703 μὲν
928 1619 1025 1684 τούτο

83 1718 179 1801 W&
194 1713 452 1805 μεμαρτυρηκώς
460 1711 658 1805 Ἀνδροκλῆς
675 1712 920 1786 ἀποδέδεικται·
941 1719 1025 1784 ἐπει-

84 1807 119 1897 δή
135 1814 168 1882 δὲ
188 1813 584 1907 τροσδιαμεμαρτύρηκεν
610 1811 654 1896 ῶς
679 1814 755 1886 υίόν
781 1815 866 1887 εἶναι
887 1813 1025 1904 γνήσιον

84 1907 280 2006 Εὐκτήμονος
295 1919 426 2004 τοῦτον,
444 1917 500 1986 καί
517 1913 612 1986 ταῦτ’
630 1912 793 1998 ἀποδείξω
810 1919 920 2004 ήενδή
935 1913 1023 1986 ὄντα.

82 2007 255 2105 Εὐκτήμονι
274 2015 354 2107 γάρ,
382 2007 562 2108 ῶάνδρες,
588 2020 636 2110 τρί
654 2015 897 2106 Φιλοκτήμονος
914 2024 1025 2106 πατρί,

82 2109 148 2193 τούς
171 2119 231 2205 μὲν
257 2115 363 2198 ὄντως
388 2120 587 2207 γενομένους
620 2123 760 2205 παῖδας,
796 2115 1026 2207 Φιλοκτήμονα

82 2215 128 2282 καί
141 2210 339 2308 Ἐργαμένην
356 2220 411 2288 καί
424 2213 592 2307 Ἡγήμονα
608 2217 739 2289 καὶδύο
750 2220 950 2308 θυγατέρας,
969 2221 1025 2288 καί

82 2309 133 2398 τήν
147 2322 270 2410 μητέρα
287 2315 415 2407 αὐτῶν,
441 2315 484 2407 ἣν
502 2326 623 2410 ἔγημεν
638 2315 658 2390 ὁ
675 2315 878 2408 Εὐκτήμων,
905 2318 1025 2401 Μιξιά·

84 2415 135 2482 δον
157 2421 329 2508 Κηφισιῶς
362 2423 549 2509 θυγατέρα,
585 2418 705 2501 πάντες
740 2425 774 2489 οἱ
804 2418 1024 2510 προσήκοντες

83 2520 166 2584 ίσασι
182 2523 237 2590 καί
265 2526 299 2590 οί
322 2517 483 2610 φράτορες
509 2523 565 2590 καὶ
590 2525 657 2591 τῶν
681 2523 832 2608 δημοτῶν
848 2524 884 2589 οί
897 2526 1023 2607 πολλοί,

84 2617 129 2682 καί
151 2619 417 2710 μαρτυρήσουσιν
441 2615 538 2708 ύμίν·
563 2617 614 2689 ὅτι
642 2615 673 2689 δ’
701 2617 804 2706 ἀλλην
829 2615 904 2689 τινά
927 2624 1026 2707 έγημε
1044 2637 1074 2688 11

84 2735 221 2809 γυναῖκα,
250 2725 283 2804 έξ
300 2711 339 2808 ής
364 2747 453 2800 τινος
470 2724 542 2788 οἵδε
558 2717 650 2811 αύτῷ
663 2723 834 2808 ἐγένοντο,
861 2714 973 2798 αύδείς
988 2716 1025 2788 τὸ

84 2815 225 2905 παράπαν
242 2821 336 2891 οἶδεν
352 2815 429 2892 οὐδ’
456 2817 578 2908 ήκοοσε
604 2818 736 2890 τῶποτε
762 2823 880 2905 ζῶντος
897 2815 1024 2907 Εὐκτή-

84 2939 177 2998 μονος.
212 2929 317 2991 καίτοι
334 2920 471 3002 τούτους
489 2919 576 3002 είκός
593 2920 805 3003 πιστοτάτους
831 2921 916 2992 εἶναι
932 2929 1024 3010 νομί-

85 3019 140 3093 ζειν
156 3019 332 3113 μάρτυρας·
359 3019 436 3103 τούς
460 3019 525 3112 γὰρ
550 3030 693 3104 οἰκείους
719 3027 843 3094 εἰδέναι
866 3021 1024 3114 προσήκει

85 3111 267 3192 τὰτοιαῦτα.
303 3130 373 3192 Καί
386 3151 441 3212 μοι
457 3121 593 3204 τούτους
611 3122 703 3194 κάλει
721 3128 868 3216 πρῶτον,
892 3126 948 3194 καὶ
963 3120 1023 3210 τάς

73 3230 249 3312 ’μαρτυρίας
266 3219 446 3310 ἀνάγνωθι.

441 3387 653 3439 ΜΑΡΤΤΡΙΑΙ.

142 3516 207 3592 ”En
231 3535 344 3600 τοίνυν
370 3531 424 3599 καὶ
449 3526 528 3609 τούς
553 3527 741 3606 ἀντιδίκους
769 3529 918 3609 ἐπιδείξω
937 3535 1022 3618 ἔργῳ
1042 3545 1074 3595 12
