2510 3948
322 281 455 339 ΚΑΤΑ
477 279 858 343 ΚΤΗΣΙΦΩΝΤΟΣ.
1008 282 1068 346 125

56 453 94 507 19
111 443 173 518 δας
185 438 408 545 καὶΚήρνιχοη
418 441 473 506 καὶ
484 433 563 518 τοὺς
573 435 857 520 ἄλλουςάιιαντας.
876 443 980 512 πάλιν
991 428 1069 522 τοὺς
1084 455 1135 511 407

110 537 331 623 τριηράρχους
345 533 562 616 ὑπευθύνους
578 535 664 605 εἶναι
680 539 810 606 κελεόει
826 535 961 626 ὑνόμος
971 537 1014 608 οὐ
1024 537 1066 609 τά

109 633 209 704 κοινά
226 639 485 722 διαχειρίσαντας
503 633 579 702 οὐδ’
591 633 657 702 άπό
676 643 744 704 τῶν
761 633 931 722 ὑμετέρων
941 637 1066 720 προσό-

110 739 181 802 δων
192 731 298 802 πολλοὶ
315 733 377 820 μὲν
392 727 678 819 ὑφαιρουμένους,
690 739 815 820 βραχέα
822 735 859 803 δὲ
870 743 1065 806 κατατιθέν-

111 860 179 920 τας,
193 833 379 904 ἐπιδιδόναι
390 831 426 903 δέ
439 834 642 920 φάσκοντας,
656 831 876 914 ἀποδιδόντας
887 837 923 904 δὲ
934 833 1014 922 ὑμῖν
1023 837 1064 905 τά
1081 858 1134 915 408

110 931 267 1020 ὑμέτερα,
291 930 359 1002 ἀλλ’
372 931 648 1020 ὁμολογουμένως
656 937 716 1014 τάς
726 933 881 1026 πατρῴας
893 933 1010 1014 οὐσίας
1018 941 1065 1014 είς

111 1030 172 1118 τήν
183 1028 267 1116 πρός
277 1028 365 1116 ὑμᾶς
374 1029 588 1117 ἀνηλωκότας
597 1039 796 1118 φιλοτιμίαν.
819 1030 861 1100 οὐ
873 1040 988 1101 τοίνυν
1000 1032 1064 1118 μό-

110 1153 164 1196 νοι
176 1131 211 1196 οί
219 1128 412 1216 τριήραρχοι
420 1179 429 1214 ,
452 1127 536 1196 άλλὰ
551 1126 656 1197 καὶτὰ
672 1135 808 1215 μέγιστα
820 1135 889 1198 Ιτῶν
900 1135 938 1199 έν
947 1139 989 1220 τή
998 1131 1062 1201 πό-

111 1235 160 1296 λει
176 1231 363 1312 συνεδρίων
379 1225 445 1295 ὑπδ
464 1225 613 1314 τὴντῶν
625 1233 845 1316 δικαστηρίων
858 1233 984 1315 ἔρχεται
995 1235 1063 1315 νή-

52 1343 94 1394 20
113 1353 189 1414 φον.
209 1335 346 1412 πρῶτον
366 1325 427 1412 μὲν
437 1323 501 1412 γάρ
511 1325 575 1412 τήν
583 1327 712 1414 βουλήν
721 1324 785 1414 τήν
795 1329 832 1396 έν
842 1325 953 1416 Ἀρείῳ
965 1328 1062 1418 πάγῳ

110 1429 291 1516 ἐγγράφειν
309 1425 393 1514 πρὸς
408 1427 487 1506 τούς
504 1424 658 1512 λογιστάς
674 1424 692 1494 ὁ
707 1427 809 1514 νόμος
819 1427 1063 1512 κελεόειλόγον

110 1529 167 1594 καὶ
179 1525 327 1616 εὐθύνας
337 1525 483 1610 διδόναι,
496 1524 551 1591 καὶ
561 1522 622 1592 τόν
632 1527 700 1594 ἐκεί
709 1523 917 1618 σκυθρωπόν
927 1527 982 1594 καὶ
991 1531 1062 1596 τῶν

107 1632 273 1713 μεγίστων
291 1625 411 1710 κύριον
422 1622 494 1708 άγει
510 1621 576 1690 ὑπὸ
589 1622 651 1710 τήν
662 1624 826 1713 ὑμετέραν
837 1633 961 1713 ψῆφον.
996 1625 1060 1694 οὑκ
1078 1646 1131 1700 40⁹

105 1725 173 1810 ἄρα
183 1724 478 1820 στεφανωθήσεται
491 1721 512 1810 ἡ
523 1722 658 1812 βουλήὴ
670 1723 838 1812 έξἎρείου
845 1727 971 1813 πάγους
982 1724 1063 1795 οὑδὲ

105 1824 174 1912 γάρ
197 1825 338 1909 πάτριον
358 1822 471 1904 αὐτοῖς
495 1827 592 1892 ἐστιν.
628 1821 690 1896 οὑκ
712 1823 776 1909 ἄρα
794 1834 1062 1911 φιλοτιμοῦνταις
1078 1845 1125 1902 411

108 1923 203 1991 πάνυ
219 1948 273 2008 γε’,
293 1920 362 1991 ἄλλ’
376 1919 439 1990 οὑκ
455 1921 644 2007 ἀγαπῶσιν,
668 1920 727 1989 ἐάν
737 1944 789 2000 τις
805 1919 879 2008 παρ’
893 1921 1005 2002 αὐτοις
1015 1921 1060 2010 μή

109 2023 226 2110 άδικῇ,
246 2019 315 2092 ἀλλ’
328 2021 388 2091 ἐάν
408 2047 457 2102 τις
478 2021 711 2108 ἐξαμαρτάνῃ,
723 2020 936 2102 κολάζουσιν·
970 2025 1006 2088 οί
1026 2020 1065 2090 δὲ·
1077 2029 1127 2085 412

109 2118 261 2208 ὑμέτεροι
282 2119 419 2207 ῥήτορες
439 2127 601 2204 τρυφῶσι.
632 2118 733 2187 πάλιν
753 2115 816 2202 τήν
832 2115 960 2204 βουλήν
981 2115 1062 2196 τοὺς

54 2237 90 2290 21
108 2225 345 2298 πεντακοσίους
355 2215 555 2286 ὑπεόθννον
565 2213 775 2303 πεποίηκενὸ
789 2221 981 2303 νομοθέτης.
1004 2217 1061 2284 καὶ

108 2315 214 2396 οὕτως
225 2321 367 2403 ἰσχυρῶς
384 2314 514 2384 άπιστει
527 2328 595 2395 τοῖς
606 2313 827 2400 ὑπευθύνοις,
842 2312 916 2383 ὥστ’
931 2315 1060 2395 εὐθέως

108 2413 291 2503 άρχόμενος
300 2423 368 2484 τῶν
378 2415 492 2502 νόμων
504 2417 608 2501 λέγει,
621 2413 749 2502 ,,άρχήν
761 2413 984 2480 ὑπεόθυνονίί
992 2440 1061 2500 φη·
1076 2431 1128 2486 413

108 2519 142 2584 σλ
155 2513 222 2603 ,μή
235 2513 451 2601 άποδημεῑν.“
471 2507 686 2598 ῶἨράκλεις,
696 2511 861 2597 ὑπολάβοι
871 2511 915 2578 ῶν
925 2539 989 2597 τις,
1008 2511 1061 2580 ὅτι

107 2608 206 2703 ἦρξα,
229 2612 274 2702 μή
287 2612 507 2698 άποδημήσως
524 2613 583 2681 ,ἵνα
601 2636 640 2696 γε
653 2609 697 2697 μή
715 2608 896 2696 προλαβῶν
910 2610 1059 2696 χρήματα

107 2720 165 2799 τῆς
177 2711 303 2789 πόλεως
314 2706 337 2798 ή
349 2709 482 2793 πράξεις
493 2712 630 2796 δρασμῷ
641 2707 755 2794 χρήσῃ.
790 2706 890 2774 πάλιν
901 2705 1059 2774 ὑπεύθυ-
1073 2723 1126 2780 414

105 2836 169 2878 νον
180 2806 243 2878 οὑκ
254 2812 292 2898 έᾷ
302 2807 365 2902 τήν
380 2805 498 2877 οὐσίαν
509 2813 694 2890 καθιεροῦν
711 2804 790 2875 οὐδὲ
800 2804 959 2894 άνάθημα
971 2803 1056 2892 άνα-

106 2919 219 2979 θελναι
236 2905 311 2977 οὐδ’
328 2911 504 2995 ἐκποίητον
531 2909 689 2993 γενέσθαι
713 2902 792 2974 οόδδ
817 2909 995 2974 διαθέσθαι
1016 2901 1058 2971 τά

106 3009 229 3076 ἑαυτοῦ
250 3002 326 3075 οὐδ’
338 3005 422 3076 ἄλλα
445 3006 565 3075 πολλά·
587 3007 635 3074 ἑνὶ
656 3005 690 3074 δὲ
701 3003 789 3098 λόγῳ
806 3004 989 3098 ἐνεχυράζει
1000 3001 1059 3082 τάς

107 3103 251 3196 οὑσίαςό
262 3109 447 3192 νομοθέτης
456 3105 514 3186 τάς
524 3111 591 3175 τῶν
601 3102 817 3190 ὑπευθύνων,
830 3103 891 3181 ἕως
901 3096 944 3170 άν
954 3102 1058 3188 λόγον

59 3229 93 3282 τε
106 3203 257 3275 άποδῶσι
276 3213 315 3295 τῇ
331 3205 433 3285 πόλει.
476 3208 547 3291 ναὶ,
572 3203 641 3274 ἀλλ’
653 3209 721 3272 ἔστι
735 3229 784 3284 τις
801 3201 999 3288 ἅνθρωπος,
1020 3199 1057 3280 ὃς

106 3299 176 3372 οὔτ’
185 3309 321 3391 εἴληφεν
335 3301 435 3372 οὐδὲν
444 3309 512 3371 τῶν
524 3307 692 3390 δημοσίων
701 3300 767 3370 οὔτ’
777 3299 937 3387 άνήλωκε,
952 3319 1058 3382 προσ-

106 3410 192 3489 ήλθε
212 3403 249 3471 δὲ
268 3402 351 3490 πρός
366 3409 476 3470 τιτῶν
491 3409 623 3469 κοινῶν.
656 3401 711 3468 καὶ
733 3407 852 3468 τοῦτον
873 3397 1057 3484 ἀποφέρειν

106 3501 236 3571 κελεύει
247 3501 349 3588 λόγον
362 3496 444 3589 πρός
455 3497 534 3579 τοὺς
545 3498 705 3585 λογιστάς.
728 3499 783 3566 καὶ
795 3504 864 3577 πῶς
874 3493 894 3565 ὅ
904 3522 942 3581 γε
953 3495 1056 3583 μηδὲν
