2486 3948
459 251 754 310 ΕΠΙΣΤΟΛΑΙ.
1024 247 1086 312 213

102 439 207 498 ογειν
223 415 259 479 ἐν
272 409 431 496 Ἀθήναις
446 414 576 494 ἔτρεπε.
600 413 655 477 καὶ
672 409 812 488 τούτους
834 406 896 478 οόκ
918 415 964 489 εἰς
986 430 1088 478 συκο-

136 509 281 598 φαντίαν
291 509 471 596 γυμνάσας,
483 506 564 578 οὐδέ
572 533 637 575 τινι
648 514 717 574 τῶν
729 515 874 576 πολιτῶν
885 512 983 596 δίκην
993 512 1088 576 δικα-
1104 559 1111 563 -

135 611 280 696 σάμενος
297 605 524 695 εὑρεθήσομαι
541 605 655 690 λαβων
671 604 851 693 άργόριον,
876 606 955 678 οὐδὲ
972 606 1088 696 ὕβρεις

136 709 359 796 άποδόμενος,
377 706 450 776 ἀλλ’
464 707 542 776 οὐδὲ
555 706 727 794 ὑβρισθεὶς
741 705 826 785 ὅλως
838 704 917 776 οὐδὲ
930 707 1087 798 άφορμην

135 814 413 898 προπηλακισμοῦ
430 804 626 892 παρασχόν,
649 802 727 874 οὐδὲ
746 811 793 885 εἰς
809 809 906 892 δίκην
921 807 995 874 τινά
1018 819 1086 877 τῶν

100 915 279 980 3πολιτῶν
303 907 509 992 καταστήσας
534 909 595 985 ἔξω
616 905 786 991 Τιμάρχου
806 906 924 991 μόνου.
947 910 1002 975 καὶ
1023 906 1086 976 οὐκ

135 1007 378 1092 άλαζονεάομαι
394 1005 478 1088 πρός
490 1001 581 1090 Ιὑμαῖς
600 1001 644 1083 ὦς
660 1003 766 1074 πολλοὶ
784 1005 875 1073 πάνυ
886 1012 1000 1093 λαβεῖν
1012 1007 1087 1087 ἐξόν

134 1133 192 1194 μοι
202 1105 352 1192 χρήματα
363 1101 408 1190 μη
422 1101 553 1190 λαβών,
579 1099 652 1189 ἀλλ’
667 1100 710 1182 ὡς
721 1096 765 1189 ἦν
781 1110 968 1194 προσῆκον,
990 1109 1086 1193 δίκην

134 1204 218 1274 κατά
229 1201 308 1284 τοδς
318 1203 445 1289 νόμους
456 1200 579 1289 λαβών.
602 1204 654 1269 καὶ
672 1202 754 1288 μετὰ
770 1209 874 1270 ταῦτα
884 1203 984 1272 πάλιν
995 1211 1085 1292 Κτη-
1103 1218 1154 1276 69⁵

136 1313 303 1392 διφῶντα,
322 1300 426 1371 πολλά
437 1304 499 1388 μὲν
510 1299 571 1370 ὑπ’
582 1297 688 1370 αὐτοῦ
705 1298 843 1388 παθόν,
854 1300 960 1370 πολλά
972 1302 1008 1372 δὲ
1017 1299 1084 1370 ὑπό

134 1405 392 1490 Δημοσθένους,
414 1400 620 1487 παρανόμων
642 1400 853 1487 ἐγραψάμην,
875 1401 1085 1488 δικαιοτάτην

99 1496 408 1588 λόδεολγραφήυ.
430 1503 484 1568 καὶ
493 1497 594 1567 οὐδέν
604 1499 818 1586 θαυμαστόν,
841 1502 1085 1574 ελκαὶτιιννό-

135 1627 209 1688 μων
218 1607 287 1668 τόν
305 1597 474 1685 ὑμετέρων
487 1601 543 1666 καὶ
559 1607 629 1667 τω”ν
643 1602 733 1686 έμοὸν
750 1599 860 1687 λόγων
871 1597 892 1688 ἡ
903 1605 1085 1689 Λημοσθέ-

137 1725 218 1778 νους
229 1697 377 1783 δεινότης
386 1703 551 1781 κρείσσων
562 1699 700 1783 ἐγένετο.
711 1698 818 1786 ἐφάνη
832 1701 868 1768 δὲ
879 1708 959 1782 ἴσως
969 1699 1022 1787 ἐφ’
1037 1695 1086 1780 οἷς

136 1797 375 1885 κατηγορήθην
386 1796 551 1883 πρότερον
561 1793 626 1864 ὑπὸ
638 1800 898 1882 Δημοσθένους,
916 1797 1003 1866 πολὺ
1014 1807 1086 1884 μεί-

137 1905 207 1978 ζοσι
230 1895 384 1983 δηλονότι
401 1894 530 1962 τούτων
549 1887 640 1979 οὖσι,
665 1895 712 1961 δι’
730 1887 752 1960 δι’
770 1902 836 1963 νῦν
852 1898 1021 1983 ἐξέπεσον,
1044 1895 1086 1966 οὐ

135 1993 256 2084 μικρδν
276 2000 390 2082 δεῖγμα
406 2001 506 2062 τοῦτο
524 2002 585 2062 τοῦ
606 2001 714 2073 καλαῖς
735 1995 969 2064 πολιτεύεσθαι
989 2003 1085 2082 νομί-

136 2101 269 2179 ζεσδαι,
288 2090 339 2161 ὅτι
350 2089 428 2161 οὐδὲ
438 2095 681 2179 Δημοσθένους
692 2101 956 2182 κατηγοροῦντος
967 2095 1083 2166 ἑάλων.

101 2220 117 2268 5
135 2191 216 2281 μετὰ
234 2195 270 2260 δέ
286 2194 412 2281 ταύτην
428 2193 490 2279 τήν
507 2190 686 2280 συμφοράν
702 2195 758 2262 καὶ
774 2199 890 2274 τελέως
909 2203 1086 2283 καταφανῆ

135 2301 217 2360 πάσι
232 2307 300 2372 τοῖς
311 2290 482 2380 Ἕλλησιν,
505 2291 565 2380 οὐχ
581 2291 672 2371 ὅπως
692 2293 808 2380 μόνοις
823 2291 919 2379 ὑμῖν,
940 2293 1085 2380 ἐμαυτὸν

136 2401 245 2477 οἴομαι
261 2395 442 2477 γεγονέναι.
465 2399 513 2470 τίς
523 2391 587 2478 γάρ
601 2388 663 2460 οὐκ
676 2391 782 2476 οἶδεν,
795 2389 846 2457 ότι
856 2390 1086 2470 ἀποθανόντες

137 2495 171 2560 os
179 2488 356 2576 άνδρωποι
364 2487 452 2557 οὕτω
464 2493 518 2556 καὶ
529 2490 710 2575 φεύγοντες
720 2492 757 2556 ἐκ
765 2496 822 2574 τῆς
833 2494 999 2576 πατρίδος,
1012 2490 1086 2560 τότε

137 2590 176 2676 δὴ
192 2592 246 2658 καὶ
262 2589 419 2677 μάλιστα,
441 2585 552 2656 ὁποῖοί
566 2613 653 2665 τινες
669 2589 821 2672 ἐγένοντο
837 2585 915 2668 τοὺς
930 2590 1085 2676 τρόπους,

101 2705 119 2757 6
137 2694 397 2766 διαδείκνυνταις
419 2689 474 2754 καὶ
492 2684 557 2772 γάρ
576 2683 838 2771 δι’συνέκρυπτον
855 2686 949 2755 αὐτοὶ
964 2689 1086 2775 πρότε-

136 2814 214 2874 ρον,
238 2791 274 2856 έκ
290 2790 394 2874 μέσον
405 2790 595 2872 γενομένων
606 2783 824 2871 άναφαίνεται
838 2796 1011 2875 καθαρῶς·
1034 2794 1087 2858 αλ-
1102 2801 1154 2859 696

134 2895 241 2954 κτᾶται
257 2886 321 2975 γάρ
339 2885 427 2954 πολὺ
444 2894 573 2972 μᾶλλον
590 2893 658 2953 τοῖν
674 2889 806 2972 ἐχθρῶν
827 2889 964 2969 ἕκαστος
986 2884 1086 2956 οὐδὲν

135 2984 303 3055 άντειπεϊν
322 2989 537 3072 δυναμένους.
561 2987 594 3051 ολ
608 2984 646 3053 δὲ
663 2983 703 3071 δη
715 2985 898 3078 φεύγοντες
908 2988 960 3055 ἐπὶ
971 2986 1086 3054 τοιαό·

135 3111 207 3165 ταις
224 3091 357 3171 αἰτίαις,
381 3083 423 3164 ὥς
439 3083 479 3152 τά
496 3093 565 3153 τοῖν
581 3079 750 3171 πολεμίων
765 3083 815 3154 άελ
826 3085 1085 3172 προαιρούμενοι

135 3186 190 3254 καὶ
202 3191 385 3268 παντελοῖς,
403 3185 593 3251 δεικνύουσι
604 3185 660 3250 καὶ
671 3179 750 3262 τούς
759 3183 904 3270 τρόπους
914 3187 969 3252 καὶ
980 3181 1085 3262 τάςέν

135 3291 183 3374 τῷ
197 3281 432 3351 πολιτεύεσθαι
448 3285 628 3369 γενομένας
650 3278 763 3360 αὐτοῖς
781 3281 917 3367 γνώμας
937 3306 1088 3368 καταφα·

136 3396 221 3461 νεῐς·
242 3378 380 3467 καὶγὰρ
398 3382 453 3448 καὶ
470 3379 560 3460 ὅπως
571 3384 713 3468 φέρουσι
724 3381 782 3460 τάς
793 3377 1086 3466 συμφοράςκαλεδς

136 3480 317 3549 διάκεινται
328 3477 412 3563 πρός
422 3478 481 3558 τάς
491 3482 619 3549 ἑαυτῶν
630 3485 805 3565 πατρίδας,
816 3479 1017 3562 ἐξετάζονται
1026 3500 1087 3548 σα·
