2474 3946
302 275 422 332 ΠΕΡΙ
441 273 879 335 ΠΑΡΑΠΡΕΣΒΕΙΑΣ.
1033 273 1072 340 77

119 436 348 520 Δημοσθένην
364 430 454 520 αύτῶ
470 434 708 517 συγκειμένους
723 429 804 518 ύμδν
819 437 923 520 ἐρεῖν,
947 439 1025 520 περί
1035 461 1072 504 τε

119 539 179 619 τῆς
195 532 370 611 ἐντεύξεως
386 539 444 617 τῆς
460 536 628 598 Φιλίππου
644 531 700 598 καί
717 537 774 617 τῆς
790 533 877 610 ίδέας
896 529 1001 601 αύτού
1016 536 1072 603 καὶ

120 638 179 716 τῆς
190 632 305 707 ἐντοῖς
322 628 433 708 πότοις
443 626 687 713 ἐπιδεξιότητος.
720 630 776 696 καὶ
786 625 866 713 μετὰ
877 638 997 699 τούτου
1007 639 1071 702 Φι·
1087 649 1138 706 2³0

121 727 306 811 λοκράτους
325 727 476 805 εἰπόντος
499 725 600 812 μικρά
624 728 679 793 καὶ
694 727 873 810 Δερκύλου
894 737 1070 815 παρῆλθον

64 847 105 900 48
119 825 196 912 ἐγῶ.
217 821 329 911 ἐπειδὴ
342 821 451 911 δὲτὴν
460 823 565 910 ἀλλην
575 827 753 912 διεξῆλθον
764 833 953 914 πρεσβείαν,
961 825 1071 916 ἀπήν-

117 944 203 1012 τησα
213 924 266 990 καὶ
278 919 361 1009 πρός
371 919 432 990 τόν
440 924 558 1008 λόγον,
577 919 618 991 όν
627 925 667 992 ἐν
675 938 743 1004 τοῖς
755 929 978 1013 συμπρέσβεσι
991 933 1070 995 διω-

120 1021 367 1108 μολογησάμην,
379 1019 551 1106 είπῶν,ότι
561 1023 616 1088 καί
633 1031 842 1108 μνημονικῶς
853 1026 908 1092 καὶ
919 1028 1070 1106 δυνατῶς

119 1118 138 1189 ὁ
153 1126 314 1197 Φίλιππος
325 1128 427 1186 είποι·
449 1121 505 1187 καὶ
515 1116 578 1205 τὴν
589 1123 702 1205 δέησιν
710 1118 773 1189 οὐκ
784 1123 996 1211 ἐπελαθόμην
1008 1121 1069 1212 τὴν

118 1220 376 1302 Λημοσθένους,
389 1213 441 1284 ὅτι
450 1221 586 1303 ταχθείη
597 1221 714 1303 λέγειν,
722 1219 781 1286 ἐάν
791 1243 822 1286 τι
832 1229 1069 1307 παραλίπωμεν

64 1344 105 1400 49
117 1311 322 1404 ἡμεῑς,ύπὲρ
331 1312 565 1402 Ἀμφιπόλεως.
588 1315 638 1402 ἐφ’
650 1315 752 1384 ἅπασι
762 1315 795 1384 δ’
807 1314 887 1404 ἡμῖν
897 1316 1069 1387 ἀνίσταται

118 1422 304 1493 τελευταῖος
313 1418 552 1502 Δημοσθένης,
575 1417 631 1483 καί
641 1416 936 1502 τερατευσάμενος,
958 1414 1069 1504 ῶσπερ

119 1521 236 1601 εἴωθε,
246 1521 294 1604 τῷ
304 1514 444 1600 σχήματι
454 1515 508 1581 καὶ
518 1519 635 1598 τρίψας
645 1512 708 1599 τὴν
718 1512 885 1602 κεφαλὴν,
897 1511 987 1597 ὁρῶν
996 1519 1069 1584 ἐπι-

118 1613 365 1697 σημαινόμενον
383 1612 443 1679 τὸν
465 1616 572 1696 δῆμον
583 1614 638 1679 καὶ
649 1616 847 1700 δεδεγμένον
857 1611 937 1694 τούς
947 1613 1022 1701 παρ’
1034 1619 1069 1682 ἐ-

114 1719 184 1796 μού
214 1710 351 1794 λόγους,
392 1708 589 1796 ἀμφοτέρων
609 1715 673 1795 ἐφη
694 1713 893 1799 θαυμάζειν,
922 1716 1067 1782 καὶτῶν

113 1805 314 1874 ἀκουόντων
333 1807 388 1874 καὶ
409 1814 478 1873 τῶν
497 1807 788 1893 πρεσβευσάντων,
809 1809 890 1875 όταν
910 1816 1068 1892 παρέντες
1083 1836 1131 1890 231

112 1904 177 1974 τόν
187 1903 330 1991 χρόνον,
353 1909 387 1973 οί
395 1906 457 1991 μὲν
472 1903 532 1972 τόν
545 1911 606 1972 τοῦ
626 1905 893 1991 βουλεύσασθαι,
917 1910 951 1975 οί
960 1907 996 1974 δὲ
1007 1905 1067 1974 τόν

113 2011 177 2072 τού
187 2004 446 2091 συμβουλεύειν,
463 2001 719 2090 ἀποδιατρίβωσι
736 1999 797 2089 τὴν
814 1999 995 2089 ὑπερόριον
1006 2012 1066 2072 λα-

115 2103 191 2169 λιάν
203 2101 394 2187 ἀγαπῶντες
405 2103 442 2170 ἐν
451 2115 520 2181 τοϊς
528 2107 659 2181 οἰκείοις
670 2101 876 2188 πράγμασιν·
889 2100 989 2171 οὐδὲν
999 2101 1065 2189 γάρ

65 2231 100 2283 50
116 2199 200 2268 εἶναι
212 2203 297 2289 ῥᾷον
311 2196 335 2287 ἢ
355 2207 533 2288 πρεσβείαν
543 2198 747 2288 ἀπαγγείλαι.
769 2201 1005 2290 ,,βούλομαιδ’
1024 2201 1066 2270 ύ-

117 2305 203 2384 μϊν“
234 2304 297 2385 ἐφη
320 2302 403 2383 ,καί
425 2303 597 2387 ἐπιδείξαι,
632 2298 675 2380 ’ῶς
694 2306 748 2369 δεῖ
765 2300 801 2369 τό
819 2310 954 2389 πράγμα
969 2304 1067 2387 γενέ-

117 2404 230 2464 σθαι.“
264 2393 332 2484 ἀμα
350 2395 382 2465 δ’
401 2401 551 2467 ἐκέλευεν
568 2397 830 2485 ἀναγνωσθῆναι
851 2397 887 2467 τό
910 2399 1065 2484 ψήφισμα

116 2502 180 2562 τού
189 2497 310 2582 δήμου·
333 2494 607 2580 ἀναγνωσθέντος
618 2499 654 2564 δὲ
665 2495 769 2579 εἶπεν,
782 2493 834 2563 ὅτι
845 2492 1064 2577 ,,κατάτοῦτο

115 2595 384 2680 ἐξεπέμφθημεν,
403 2597 572 2660 καὶταῦτα
586 2593 806 2677 ἐπράττομεν,
825 2587 847 2658 ἀ
857 2594 995 2661 ἐνταυθὶ
1006 2597 1064 2677 γέ-

74 2729 77 2736 «
115 2717 265 2776 γραπται.
298 2692 378 2777 λαβὲ
396 2689 437 2778 δή
449 2715 506 2777 μοι
521 2691 576 2757 καί
596 2685 658 2774 τὴν
673 2686 864 2774 ἐπιστολὴν,
884 2684 929 2774 ἣν
939 2687 1065 2774 ἥκομεν

115 2787 205 2877 παρά
227 2795 396 2858 Φιλίππου
422 2793 613 2874 φέροντες.“
659 2785 770 2873 ἐπειδὴ
794 2785 830 2854 δὲ
854 2784 1063 2873 ἀνεγνώσθη,
1187 2858 1197 2877 ⁸

115 2885 307 2975 ,,ἀπέγετε“
320 2894 385 2976 ἔφη
395 2884 488 2975 ,τὴν
498 2884 689 2973 ἀπόκρισιν,
711 2887 766 2954 καί
777 2882 896 2955 λοιπόν
906 2883 987 2972 ὑμίν
996 2888 1064 2955 ἐστι

67 2999 100 3052 ⁶1
116 2986 404 3072 βουλεύσασθαι.“
431 2984 697 3073 θορυβησάντων
708 2984 740 3052 δ’
753 2981 801 3052 ἐπ’
813 2983 903 3074 αύτῷ
913 2989 981 3052 τῶν
991 2981 1063 3068 μὲν,

115 3081 159 3163 ῶς
172 3084 282 3163 δεινός
292 3111 341 3164 τις
351 3095 401 3172 εἰη
412 3088 467 3153 καὶ
486 3083 664 3170 σύντομος,
687 3093 755 3152 τῶν
765 3086 801 3152 δὲ
811 3081 994 3172 πλειόνων,
1019 3081 1063 3160 ῶς

114 3181 520 3270 πονηρόςκαδφθονερός,
543 3183 628 3268 ,καὶ
644 3184 813 3264 σκέυασθε
833 3185 871 3248 δέ
876 3187 897 3224 “
914 3186 977 3266 ἔφη
989 3177 1064 3266 ,ῶς

114 3280 289 3366 συντόμως
298 3283 354 3350 καί
364 3274 466 3349 τάλλα
477 3280 586 3349 πάντα
602 3277 786 3366 ἀπαγγελῶ.
816 3278 923 3347 ἐδόκει
934 3301 1059 3364 μνημο-

115 3379 209 3458 νικός
226 3383 282 3448 καὶ
294 3378 400 3458 δεινὸς
418 3375 503 3448 εἶναι
519 3382 628 3464 λέγειν
637 3383 778 3465 Αἰσχίνη
790 3382 969 3464 Φίλιππος,
991 3372 1058 3444 ἀλλ’

115 3475 180 3545 ούκ
191 3480 279 3565 ἐμοὶ,
299 3476 367 3547 ἀλλ’
381 3487 414 3546 εί
419 3504 468 3559 τις
478 3475 585 3547 αύτού
600 3475 663 3563 τὴν
678 3475 781 3561 τύχην
791 3471 953 3561 περιελῶν
962 3475 1063 3561 ἐτέρμ
