2474 3946
303 265 424 324 ΠΕΡΙ
441 265 882 325 ΠΑΡΑΠΡΕΣΒΕΙΑΣ.
1024 264 1066 328 65

98 423 249 506 νοιςκαῑ
259 424 442 509 κακοήθεσι
458 423 587 501 τούτοις
604 420 805 504 άντιδέτοις·
833 427 964 513 ἐξέστην
981 423 1012 493 δ’
1028 429 1063 494 ἐ·
1083 443 1133 499 19⁰

101 529 244 611 μαντοῦ
255 524 310 590 καλ
326 519 389 608 τὴν
400 527 508 590 αἰτίαν
518 523 646 607 βαρέως
655 520 797 608 ἤνεγκα,
825 521 883 590 ὅθ’
897 521 997 613 ὕβριν
1007 530 1063 594 καὶ

101 628 290 707 παροινίαν
301 625 498 704 είςγνναλκα
510 621 694 705 ἐλευθέραν
710 622 764 688 καλ
782 618 819 687 τό
837 625 934 704 γένος
945 621 1064 693 Ὀλυν-

99 727 194 789 θίαν
203 718 380 806 κατηγόρει
390 744 471 804 μον·
494 716 607 804 ἥσθην
625 717 678 803 δὲ,
700 714 750 786 ὅτ’
764 715 869 786 αὐτόν
879 723 933 788 ἐπὶ
943 730 1001 808 τῆς
1011 729 1065 792 αἰ-

100 825 181 900 τίας
190 817 273 886 ὅντα
283 818 404 903 ταύτης
413 817 597 904 ἐξεβάλετε,
608 819 662 883 καὶ
672 823 741 883 των
755 820 1065 904 σεσωφρονημένων

62 936 83 988 5
104 920 146 986 έν
157 925 206 1006 τῷ
215 923 277 1007 βίφ
289 941 346 1003 μοι
354 916 452 1004 χάριν
464 913 682 1002 ἀπειληφέναι
692 921 821 1001 νομίζω.
833 913 920 1002 ὑμᾶς
930 915 991 1004 μέν
1001 911 1064 986 οὖν
1082 929 1131 985 191

103 1018 236 1083 ἐπαινῶ
246 1015 301 1080 καὶ
320 1013 545 1100 διαφερόντως
562 1011 695 1099 άγαττοῐ,
718 1011 770 1080 ότι
789 1020 835 1103 τῷ
857 1022 919 1106 βίφ
936 1023 1064 1102 μᾶλλον

103 1119 157 1200 τῷ
168 1118 237 1180 τάν
247 1114 455 1199 κρινομένων
462 1106 740 1196 πιστεύετεῆταίς
749 1109 840 1196 παρὰ
851 1121 919 1181 τῶν
929 1117 1064 1199 ἐχθροῖν
1088 1167 1096 1178 .

105 1215 243 1289 αίτίτις·
265 1206 366 1288 αὐτὸς
388 1206 503 1278 δὀὐκ
526 1204 569 1275 άν
592 1207 775 1294 άποσταίην
790 1216 849 1294 τῆς
866 1207 949 1296 πρὸς
967 1207 1062 1278 ταῦτ’

105 1306 296 1394 ἀπολογίας.
320 1313 352 1376 εἰ
366 1307 432 1394 γάρ
449 1334 497 1388 τις
517 1303 539 1394 ἢ
560 1315 631 1377 τῶν
650 1311 776 1389 έξωδεν
798 1310 1062 1396 περιεστηκότων

105 1411 294 1491 πέπεισται,
319 1404 438 1492 σχεδόν
464 1404 497 1473 δ’
520 1410 556 1475 οἱ
576 1415 722 1476 πλεῖστοι
739 1415 809 1475 τῶν
830 1415 976 1477 πολιτῶν
998 1408 1063 1475 πά·

109 1524 233 1589 ρεισιν,
255 1500 278 1590 ἢ
295 1512 364 1572 τοῖν
380 1505 584 1585 δικαζόντων
599 1503 713 1592 ὑμῶν,
736 1502 780 1584 ὡς
790 1505 854 1592 έγω
867 1507 1021 1575 τοιοῦτόν
1032 1533 1063 1572 τι

108 1605 356 1690 διαπέπραγμαι
367 1601 412 1689 μη
424 1602 532 1688 μόνον
543 1609 588 1682 είς
599 1604 782 1690 έλεάθερον
793 1613 898 1690 σῶμα,
910 1603 995 1673 άλλά
1006 1607 1062 1673 καὶ

107 1698 204 1780 είςτό
224 1699 343 1784 τυχὸν,
366 1698 511 1786 άβίωτον
521 1700 609 1769 εἷναί
615 1727 671 1787 μοι
680 1702 868 1771 τὸνλοιπόν
879 1710 955 1790 βίον
966 1709 1063 1790 νομί-

106 1807 167 1882 ξω·
190 1795 257 1867 κάν
275 1798 320 1883 μὴ
337 1799 518 1886 προϊούσης
536 1807 595 1886 τῆς
610 1798 790 1885 ἀπολογίας
805 1803 922 1887 ἐλέγξω
934 1804 989 1871 καὶ
1000 1801 1062 1887 τὴν

108 1903 220 1968 αἰτίαν
236 1889 344 1964 οὖσαν
365 1902 472 1984 ψευδῆ
493 1898 548 1966 καὶ
565 1896 625 1965 τόν
640 1895 840 1984 τολμήσαντ’
860 1904 962 1966 εἰπεῖν
980 1896 1063 1965 άνό-

108 2015 184 2064 σιον
194 1996 251 2063 καί
261 1995 493 2082 συκοφάντην,
511 1991 577 2064 κάν
587 1988 691 2064 τάλλα
701 1996 810 2064 πάντα
820 1995 925 2082 μηδὲν
935 1993 1063 2067 άδικοῐν

77 2101 297 2180 σφαίνωματ,
317 2092 472 2162 θανάτου
488 2102 640 2182 τιμῶμαι.
664 2095 851 2180 παράδοξος
872 2098 910 2163 δέ
923 2120 980 2181 μοι
1001 2094 1130 2169 uvi-192

109 2207 217 2272 κείνος
227 2191 246 2260 ὁ
258 2190 360 2278 λόγος
369 2193 476 2280 ἐφάνη
488 2198 543 2262 καὶ
554 2198 671 2274 δεινάς
681 2193 806 2281 άδικος,
818 2192 872 2263 ὅδ’
883 2191 970 2282 ὑμεῖς
981 2198 1062 2284 έπη-

112 2291 217 2379 ράτα,
239 2297 271 2360 εί
286 2286 359 2360 οίόν
375 2290 408 2358 τ’
424 2295 513 2360 ἐστίν
529 2297 567 2362 έν
578 2299 619 2382 τῇ
630 2291 716 2382 αὐτῇ
727 2295 821 2363 πόλει
833 2295 1062 2379 Φιλοκράτους

111 2391 174 2477 μέν
182 2391 334 2460 θάνατον
349 2399 663 2480 καταψηφίσασθαι,
675 2391 726 2461 ὅτι
736 2390 924 2477 καταγνοδς
935 2390 1061 2460 άδικεῑν

111 2490 231 2558 ἑαυτοῦ
241 2488 303 2575 τὴν
313 2498 424 2576 κρίσιν
434 2491 495 2575 οὐχ
505 2489 701 2577 ὑπέμεινεν,
718 2494 801 2577 ἐμοῦ
812 2488 843 2556 δ’
858 2487 1060 2574 άπογνάναι.

109 2588 172 2672 ἐγω
191 2585 222 2654 δ’
241 2585 294 2655 ἐπ’
312 2585 403 2677 αὐτῷ
421 2588 529 2676 τοότφ
547 2593 679 2666 δικαίως
697 2583 741 2654 άν
756 2583 983 2672 ὑπολαμβάνω
994 2589 1060 2673 μά-

108 2694 201 2754 λιστα
211 2684 443 2772 σωθήσεσθαι·
466 2691 497 2752 εί
512 2682 576 2772 γάρ
588 2683 606 2753 ό
618 2681 805 2769 καταγνοὺς
816 2685 939 2750 ἑαυτοῦ
948 2687 1003 2752 καὶ
1015 2682 1059 2771 μὴ

108 2783 224 2871 παρόν
236 2782 358 2868 άδικεί,
379 2780 398 2851 ό
417 2781 458 2869 δὴ
469 2779 638 2868 άπογνοδς
649 2782 703 2850 καὶ
713 2778 750 2850 τό
763 2789 859 2867 σῶμα
868 2793 936 2861 τοῖς
945 2781 1061 2868 νόμοις

108 2885 160 2952 καὶ
172 2897 240 2962 τοῖς
251 2888 398 2961 πολίταις
409 2879 582 2966 παραδοὺς
591 2878 653 2952 οὐκ
665 2879 778 2951 άδικελ

78 3002 94 3058 7
191 2985 276 3070 Περὶ
286 2985 322 3050 δέ
331 2989 389 3068 τῆς
398 2980 501 3069 άλλης
509 2988 707 3069 κατηγορίας
716 2983 831 3068 δέομαι
841 2972 1059 3067 ὑμῶν,άάν-

108 3089 198 3172 δρες,
220 3081 281 3150 έάν
296 3108 328 3152 τι
344 3084 585 3166 παραλίτωκαλ
595 3079 640 3168 μὴ
657 3089 801 3168 μνησθῶ
806 3131 816 3165 ,
839 3081 1059 3166 ἐπερωτάνμε

109 3186 161 3252 καὶ
173 3185 317 3269 δηλοῦν,
340 3177 402 3260 ὅτι
412 3175 456 3248 άν
467 3190 594 3268 ποθῆτε
604 3179 762 3268 άκοῦσαι,
782 3180 886 3266 μηδὲν
897 3203 1060 3265 προκατε-

109 3282 294 3370 γνωκότας,
316 3277 363 3360 άς
380 3278 496 3366 άδικά,
519 3279 592 3350 ἀλλ’
612 3291 668 3370 ίση
684 3287 724 3369 τῇ
740 3277 855 3368 εὐνοίᾳ
865 3274 1058 3356 άκοόοντας.

1 3391 2 3404 ’
109 3377 224 3466 άπορεό
234 3377 280 3465 δ’,
293 3377 425 3448 όπόθεν
434 3376 496 3466 χρὴ
508 3390 643 3466 πρῶτον
653 3378 819 3465 ἄρξασθαι
830 3374 884 3445 διά
895 3374 958 3462 τὴν
969 3373 1061 3444 άνω-

109 3489 240 3632 μαιέξφςφιι
238 3505 298 3632 {gi
307 3486 513 3566 κατηγορίας.
539 3483 709 3562 σκέψασθε
721 3473 766 3561 δ’,
783 3471 918 3626 άνὺμξν
929 3476 1016 3557 είκός
1030 3503 1062 3544 τι
1080 3494 1130 3551 193
