2442 3948
143 233 174 284 p,
187 179 233 268 το.
287 217 377 268 unm
393 215 470 268 Τοω
488 214 787 268 σωοετοκοαοτ
803 215 967 268 κεωεου.
1063 224 1104 285 77

142 387 341 481 συνῴκησεν
360 391 474 458 ἐκείνω
491 383 513 476 ή
532 384 674 478 διητήθη
699 389 856 458 τοσοότον
872 387 993 479 χρόνον
1010 391 1047 460 ἐν
1062 395 1105 482 τῇ

138 496 242 580 οίκίρι.
278 486 319 558 τά
341 486 407 579 γάρ
424 491 560 559 τοιαῦτα
586 483 648 558 οὐκ
666 495 712 568 είς
730 485 792 576 τήν
808 483 982 579 ἀνάκρισιν
998 487 1104 580 μόνον

141 596 199 659 δεῖ
214 597 408 680 πορίζεσθαι
433 585 593 678 ὀνόματα,
621 584 704 665 άλλά
720 591 763 678 τῇ
786 583 928 682 άληθείμ
944 589 1104 678 γεγονότα

139 686 391 779 ἀποφαίνεσθαι
421 692 476 760 καὶ
507 684 573 760 ὑπὸ
594 692 663 760 τοῖν
685 687 919 780 προσηκόντων
940 719 1102 784 καταμαρ-

137 802 327 878 τυρεῖσθαι.
362 787 532 874 ἀποδείξω
548 784 700 860 τοίνυν
680 818 775 879 ημων
792 789 1033 862 κελευόντων”
1014 814 1102 875 οστις
1121 810 1154 863 16

137 890 216 960 οἶδε
232 895 300 962 τοῖν
312 887 525 980 Ελκτήμονος
535 883 706 961 οἰκείων
684 917 706 978 η
723 888 968 980 συνοικήσασαν
986 895 1101 988 ἐκείνω

139 989 218 1062 τινά
239 1021 260 1078 η
245 987 353 1082 Ἴτήν
368 989 578 1080 Καλλίππην]
599 993 913 1082 ἐπιτροπευομένην,
939 995 996 1062 καὶ
1013 992 1102 1085 παρά

140 1097 210 1163 τοῖν
226 1090 335 1163 όντων
350 1089 569 1182 θεραπόντων
584 1088 643 1162 τόν
660 1098 794 1180 ἔλεγχον
820 1105 1005 1183 ποιεῖσθαι,
1032 1089 1053 1182 6
1072 1105 1106 1164 εί

139 1221 190 1274 τις
208 1221 275 1264 των
293 1189 373 1282 παρ’
401 1189 513 1273 αὐτοῖς
531 1195 668 1263 οἰκετων
693 1190 813 1280 φάσκει
837 1195 942 1263 ταῦτα
965 1197 1099 1284 είδέναι,

137 1288 222 1383 ήμῑν
238 1297 464 1384 παραδοῦναι,
482 1290 561 1364 οὔτε
578 1300 694 1380 λαβεῖν
710 1289 880 1381 ἠθέλησαν
896 1289 977 1363 οὔθ’
996 1289 1077 1382 ἡμῖν
1094 1290 1099 1392 6
1120 1313 1123 1320 “

136 1399 377 1485 παραδοῦναι..
405 1402 475 1464 Καί
497 1423 551 1484 μοι
569 1395 651 1482 λαβέ
667 1392 728 1482 τήν
745 1388 778 1462 τ’
796 1389 972 1483 άπόκριοιν
990 1391 1101 1466 αὐτῶν

136 1497 197 1564 καὶ
214 1493 274 1576 τὰς
291 1491 449 1586 ήμετέρας
466 1502 648 1585 μαρτυρίας
665 1497 719 1564 καὶ
737 1491 941 1583 προκλήσεις.

246 1619 477 1712 ααοεοαεεε.ι
496 1659 709 1711 ακουεοιει.
743 1659 998 1712 Πεοεκωτωιε.

217 1789 318 1870 Οὗτοι
343 1801 405 1889 μὲν
430 1807 546 1870 τοίνυν
570 1801 699 1868 τοιοῦτο
716 1801 848 1889 πρᾶγμα
866 1791 1006 1888 ἔφυγον·
1035 1797 1099 1887 ἐγω
1118 1804 1148 1857 1¹¹

137 1895 174 1969 δ’
192 1895 274 1988 ὑμῖν
300 1904 451 1984 ἐπιδείξω
477 1903 532 1970 καὶ
557 1895 640 1970 ὅθεν
666 1901 731 1968 είσὶ
756 1901 811 1968 καλ
835 1905 955 1980 οἵτινες
978 1895 1099 1980 ου’τοδς

132 2008 296 2088 γνησίους
329 1999 595 2092 διεμαρτόρησαν
621 1999 707 2070 εἶναι
733 2001 788 2071 καλ
806 1998 1029 2091 κληρονόμους
1047 2009 1098 2088 ζη-

133 2104 231 2170 τοῦσι
255 2106 454 2190 καταστῆσαι
477 2106 544 2172 τοῖν
560 2097 783 2190 Εὐκτήμονος.
828 2111 906 2181 ἴσως
929 2102 990 2191 μέν
1009 2103 1098 2172 ἐστιν

134 2202 238 2288 αηδές
252 2201 491 2296 Φανοστράτῳ,
510 2192 537 2272 6
554 2199 692 2293 ἄνδρες,
710 2199 767 2282 τάς
785 2199 998 2292 Εὐκτήμονος
1017 2221 1098 2291 συμ-

132 2299 242 2392 φοράς
259 2301 405 2394 φανεράς
423 2302 640 2374 καθεστάναι·
668 2299 764 2391 ὀλίγα
782 2299 816 2371 δ’
835 2301 1017 2393 ἀναγκαῖον
1041 2307 1098 2392 δη·

133 2407 257 2491 θῆναι,
284 2400 331 2473 ἵν’
359 2399 455 2493 ὑμεῖς
479 2402 539 2492 τήν
565 2401 740 2572 άλήθειανὲ
745 2402 868 2484 εἰδότες
892 2408 973 2496 ῥᾷον
990 2399 1031 2474 τά
1049 2408 1098 2471 δί-

133 2531 213 2572 καια
239 2512 442 2593 ψηφίσησθε.
488 2501 674 2592 Εὐκτήμων
700 2504 761 2592 μὲν
786 2500 849 2594 γάρ
877 2507 956 2591 ἐβίω
981 2510 1037 2591 ἐτη
1061 2507 1095 2586 ἓξ
1116 2513 1149 2566 18

132 2607 191 2673 καὶ
210 2603 423 2693 ἐνενήκοντα,
442 2603 562 2674 τούτου
581 2605 618 2672 δὲ
635 2607 696 2672 τοῦ
713 2601 833 2724 χρόνρν
851 2600 909 2672 τδν
926 2631 988 2691 μεν
1005 2611 1095 2672 πλευ
1183 2651 1186 2660 ι

131 2727 215 2774 στου
242 2704 348 2775 ἐδόκει
376 2701 545 2794 εὐδαίμων
572 2704 656 2773 εἶναι
684 2702 754 2792 (καὶ
742 2700 834 2793 ιγάρ
858 2698 956 2772 οὐσία
973 2692 1016 2790 ήν
1032 2731 1095 2773 ουκ

133 2801 231 2894 ὀλίγη
250 2802 339 2898 αήτω
328 2808 413 2875 καλ
431 2810 547 2885 παῖδες
564 2805 619 2874 καὶ
634 2800 739 2928 γυνή,
759 2805 814 2872 καὶ
830 2793 924 2874 τᾶλλ’
938 2807 1094 2885 ἐπιεικως

135 2902 302 3028 εὐτύχειγ,Ι
329 2909 382 2976 ἐπὶ
408 2904 518 2996 γήρως
546 2907 583 2976 δε
600 2902 691 2974 αὐτώΙ
716 2902 871 2996 συμφορά
899 2909 1029 2994 ἐγένετο
1054 2901 1096 2976 06

132 3005 251 3096 μικρά,
280 3002 302 3094 6
330 3011 459 3078 ἐκείνου
485 3010 595 3077 πᾶσαν
619 3004 681 3094 τήν
707 3012 815 3079 οίκίαν
840 3005 1022 3096 ἐλυμήνατο
1040 3007 1096 3076 καὶ

132 3106 283 3198 χρήματα
309 3106 413 3178 πολλά
439 3106 575 3178 διεόλεσε
598 3110 654 3178 καὶ
672 3104 774 3178 αάτδν
795 3125 863 3188 τοῖς
885 3105 1096 3186 οἰκειοτάτοις

133 3217 181 3288 είς
209 3206 374 3330 διαφοράν
399 3212 605 3297 κατέστησεν.
650 3205 732 3278 ὅθεν
760 3209 796 3276 δε
823 3205 913 3277 καὶ“
895 3235 984 3286 οπως
1000 3202 1094 3277 ταῦτ’
1114 3227 1146 3280 19

133 3305 334 3397 ἐγένετο,’
310 3337 354 3389 ως
381 3303 422 3379 δν
450 3308 599 3399 δύνωμαι
627 3306 681 3378 διά
707 3306 921 3430 βραχυτάτων
946 3306 1092 3396 δηλώσω

127 3407 374 3500 Ιάιτελευθε’ρα’
355 3399 397 3497 ήν
409 3406 524 3497 αὐτοῦ,
544 3439 569 3478 ω
559 3401 754 3500 άνδρες,“
732 3437 752 3495 η
771 3406 964 3498 ἐναυκλήρει
982 3429 1093 3478 συνοι·

129 3518 209 3580 κίαν
236 3514 271 3580 ἐν
288 3521 442 3602 Πειραιει
463 3507 566 3618 αότου
555 3513 644 3580 καὶ
662 3515 874 3588 παιδίσκας”
856 3536 982 3600 ετρεφε.
1017 3506 1092 3577 τοό-
