<?xml version="1.0" encoding="UTF-8"?>
<!DOCTYPE html PUBLIC "-//W3C//DTD XHTML 1.0 Transitional//EN"
    "http://www.w3.org/TR/xhtml1/DTD/xhtml1-transitional.dtd">
<html xmlns="http://www.w3.org/1999/xhtml" xml:lang="en" lang="en">
 <head>
  <title>
</title>
<meta http-equiv="Content-Type" content="text/html;charset=utf-8" />
  <meta name='ocr-system' content='tesseract 3.04.00' />
  <meta name='ocr-capabilities' content='ocr_page ocr_carea ocr_par ocr_line ocrx_word'/>
</head>
<body>
  <div class='ocr_page' id='page_1' title='image "./isaeiorationesc00isaegoog_0117.png"; bbox 0 0 2442 3948; ppageno 0'>
   <div class='ocr_carea' id='block_1_1' title="bbox 186 215 1136 285">
    <p class='ocr_par' dir='ltr' id='par_1_1' title="bbox 186 215 1136 285">
     <span class='ocr_line' id='line_1_1' title="bbox 186 215 1136 285; baseline -0.005 -14"><span class='ocrx_word' id='word_1_1' title='bbox 186 227 227 285; x_wconf 82' lang='grc'><strong><em>44</em></strong></span> <span class='ocrx_word' id='word_1_2' title='bbox 476 221 479 228; x_wconf 94' lang='grc'><strong>’</strong></span> <span class='ocrx_word' id='word_1_3' title='bbox 532 271 534 283; x_wconf 67' lang='grc'>,</span> <span class='ocrx_word' id='word_1_4' title='bbox 598 218 727 270; x_wconf 58' lang='lat' dir='ltr'><strong><em>nuo?</em></strong></span> <span class='ocrx_word' id='word_1_5' title='bbox 803 218 806 226; x_wconf 87' lang='lat'>&#39;</span> <span class='ocrx_word' id='word_1_6' title='bbox 1048 216 1098 266; x_wconf 68' lang='grc' dir='ltr'><strong><em>Οι</em></strong></span> <span class='ocrx_word' id='word_1_7' title='bbox 1115 215 1136 267; x_wconf 77' lang='grc'><strong><em>3.</em></strong></span> 
     </span>
    </p>
   </div>
   <div class='ocr_carea' id='block_1_2' title="bbox 131 385 1204 3634">
    <p class='ocr_par' dir='ltr' id='par_1_2' title="bbox 131 385 1204 3591">
     <span class='ocr_line' id='line_1_2' title="bbox 187 385 1139 508; baseline -0.002 -49"><span class='ocrx_word' id='word_1_8' title='bbox 187 391 357 472; x_wconf 70' lang='grc' dir='ltr'><strong><em>σκέψασθε</em></strong></span> <span class='ocrx_word' id='word_1_9' title='bbox 385 390 422 458; x_wconf 72' lang='grc' dir='ltr'><strong><em>δὲ</em></strong></span> <span class='ocrx_word' id='word_1_10' title='bbox 452 391 507 458; x_wconf 81' lang='grc' dir='ltr'><strong><em>καὶ</em></strong></span> <span class='ocrx_word' id='word_1_11' title='bbox 535 391 611 478; x_wconf 74' lang='grc' dir='ltr'><strong><em>περὶ</em></strong></span> <span class='ocrx_word' id='word_1_12' title='bbox 638 393 699 459; x_wconf 81' lang='grc' dir='ltr'><strong><em>τοῦ</em></strong></span> <span class='ocrx_word' id='word_1_13' title='bbox 719 397 849 478; x_wconf 76' lang='grc' dir='ltr'><strong><em>ἔχοντος</em></strong></span> <span class='ocrx_word' id='word_1_14' title='bbox 872 386 933 477; x_wconf 89' lang='grc' dir='ltr'><strong><em>τήν</em></strong></span> <span class='ocrx_word' id='word_1_15' title='bbox 959 385 1139 508; x_wconf 73' lang='grc' dir='ltr'><em>ἀδελφιδῆν</em></span> 
     </span>
     <span class='ocr_line' id='line_1_3' title="bbox 187 486 1136 584; baseline -0.002 -25"><span class='ocrx_word' id='word_1_16' title='bbox 187 487 247 584; x_wconf 89' lang='grc' dir='ltr'><strong><em>τήν</em></strong></span> <span class='ocrx_word' id='word_1_17' title='bbox 264 487 383 560; x_wconf 79' lang='grc' dir='ltr'><strong><em>τούτου</em></strong></span> <span class='ocrx_word' id='word_1_18' title='bbox 400 505 560 577; x_wconf 83' lang='grc' dir='ltr'><strong><em>γυναῖκα,</em></strong></span> <span class='ocrx_word' id='word_1_19' title='bbox 586 486 682 560; x_wconf 64' lang='lat' dir='ltr'><strong><em>idm*</em></strong></span> <span class='ocrx_word' id='word_1_20' title='bbox 660 518 724 577; x_wconf 91' lang='grc' dir='ltr'><strong><em>αρα</em></strong></span> <span class='ocrx_word' id='word_1_21' title='bbox 741 517 771 558; x_wconf 90' lang='grc' dir='ltr'><strong><em>τι</em></strong></span> <span class='ocrx_word' id='word_1_22' title='bbox 788 491 921 578; x_wconf 79' lang='grc' dir='ltr'><strong><em>γίνηται</em></strong></span> <span class='ocrx_word' id='word_1_23' title='bbox 940 492 995 558; x_wconf 81' lang='grc' dir='ltr'><strong><em>καὶ</em></strong></span> <span class='ocrx_word' id='word_1_24' title='bbox 1014 492 1052 558; x_wconf 79' lang='grc' dir='ltr'><strong><em>ἐκ</em></strong></span> <span class='ocrx_word' id='word_1_25' title='bbox 1069 487 1136 558; x_wconf 87' lang='grc' dir='ltr'><strong><em>τοό-</em></strong></span> 
     </span>
     <span class='ocr_line' id='line_1_4' title="bbox 187 584 1137 711; baseline 0 -53"><span class='ocrx_word' id='word_1_26' title='bbox 187 618 246 660; x_wconf 92' lang='grc' dir='ltr'><strong><em>του</em></strong></span> <span class='ocrx_word' id='word_1_27' title='bbox 263 588 438 711; x_wconf 81' lang='grc' dir='ltr'><strong><em>τεκμήριον</em></strong></span> <span class='ocrx_word' id='word_1_28' title='bbox 455 584 499 670; x_wconf 80' lang='grc' dir='ltr'><strong><em>τός</em></strong></span> <span class='ocrx_word' id='word_1_29' title='bbox 516 595 584 659; x_wconf 79' lang='grc' dir='ltr'><strong><em>ἔστι</em></strong></span> <span class='ocrx_word' id='word_1_30' title='bbox 601 593 711 677; x_wconf 78' lang='grc' dir='ltr'><strong><em>ψευδή</em></strong></span> <span class='ocrx_word' id='word_1_31' title='bbox 732 586 771 658; x_wconf 77' lang='grc' dir='ltr'><strong><em>τὰ</em></strong></span> <span class='ocrx_word' id='word_1_32' title='bbox 788 593 1080 708; x_wconf 74' lang='grc' dir='ltr'><strong><em>μεμαρτυρημένα</em></strong></span> <span class='ocrx_word' id='word_1_33' title='bbox 1081 598 1137 658; x_wconf 92' lang='grc' dir='ltr'><strong><em>Νι·</em></strong></span> 
     </span>
     <span class='ocr_line' id='line_1_5' title="bbox 136 679 1137 812; baseline 0.002 -58"><span class='ocrx_word' id='word_1_34' title='bbox 136 703 169 754; x_wconf 77' lang='grc'><strong><em>55</em></strong></span> <span class='ocrx_word' id='word_1_35' title='bbox 186 688 329 783; x_wconf 81' lang='grc' dir='ltr'><strong><em>κοδήμμ.</em></strong></span> <span class='ocrx_word' id='word_1_36' title='bbox 357 685 401 772; x_wconf 72' lang='grc' dir='ltr'><strong><em>ὣς</em></strong></span> <span class='ocrx_word' id='word_1_37' title='bbox 417 679 537 812; x_wconf 75' lang='grc' dir='ltr'><strong><em>μὲν</em></strong></span> <span class='ocrx_word' id='word_1_38' title='bbox 494 718 558 760; x_wconf 92' lang='grc' dir='ltr'><strong><em>ουν</em></strong></span> <span class='ocrx_word' id='word_1_39' title='bbox 574 687 762 778; x_wconf 75' lang='grc' dir='ltr'><strong><em>ἠγγυήσατο</em></strong></span> <span class='ocrx_word' id='word_1_40' title='bbox 780 692 836 758; x_wconf 80' lang='grc' dir='ltr'><strong><em>καὶ</em></strong></span> <span class='ocrx_word' id='word_1_41' title='bbox 848 685 1004 776; x_wconf 67' lang='grc' dir='ltr'><strong><em>ἕλαβευ’</em></strong></span> <span class='ocrx_word' id='word_1_42' title='bbox 980 717 1024 770; x_wconf 85' lang='grc' dir='ltr'><strong><em>ως</em></strong></span> <span class='ocrx_word' id='word_1_43' title='bbox 1038 709 1137 759; x_wconf 90' lang='grc' dir='ltr'><strong><em>ουσαν</em></strong></span> 
     </span>
     <span class='ocr_line' id='line_1_6' title="bbox 189 787 1137 880; baseline -0.001 -22"><span class='ocrx_word' id='word_1_44' title='bbox 189 792 221 874; x_wconf 77' lang='grc' dir='ltr'><strong><em>ἐξ</em></strong></span> <span class='ocrx_word' id='word_1_45' title='bbox 240 792 370 880; x_wconf 80' lang='grc' dir='ltr'><strong><em>ἑταίρας</em></strong></span> <span class='ocrx_word' id='word_1_46' title='bbox 393 817 454 878; x_wconf 91' lang='grc' dir='ltr'><strong><em>την</em></strong></span> <span class='ocrx_word' id='word_1_47' title='bbox 464 799 636 878; x_wconf 77' lang='grc' dir='ltr'><strong><em>γυναῖκα,</em></strong></span> <span class='ocrx_word' id='word_1_48' title='bbox 661 792 878 860; x_wconf 76' lang='grc' dir='ltr'><strong><em>ἐπιδέδεικται</em></strong></span> <span class='ocrx_word' id='word_1_49' title='bbox 901 791 956 860; x_wconf 79' lang='grc' dir='ltr'><strong><em>καὶ</em></strong></span> <span class='ocrx_word' id='word_1_50' title='bbox 978 787 1137 880; x_wconf 80' lang='grc' dir='ltr'><strong><em>μεμαρτύ-</em></strong></span> 
     </span>
     <span class='ocr_line' id='line_1_7' title="bbox 189 885 1136 1011; baseline -0.001 -52"><span class='ocrx_word' id='word_1_51' title='bbox 189 910 299 979; x_wconf 85' lang='grc' dir='ltr'><strong><em>ρηται</em></strong></span> <span class='ocrx_word' id='word_1_52' title='bbox 336 885 380 970; x_wconf 76' lang='grc' dir='ltr'><strong><em>ὥς</em></strong></span> <span class='ocrx_word' id='word_1_53' title='bbox 410 886 443 959; x_wconf 89' lang='grc' dir='ltr'><strong><em>δ’</em></strong></span> <span class='ocrx_word' id='word_1_54' title='bbox 472 886 600 978; x_wconf 86' lang='grc' dir='ltr'><strong><em>αληθής</em></strong></span> <span class='ocrx_word' id='word_1_55' title='bbox 628 885 649 977; x_wconf 87' lang='grc' dir='ltr'><strong><em>ή</em></strong></span> <span class='ocrx_word' id='word_1_56' title='bbox 678 897 868 1011; x_wconf 83' lang='grc' dir='ltr'><strong><em>μαρτυρία</em></strong></span> <span class='ocrx_word' id='word_1_57' title='bbox 871 891 961 960; x_wconf 78' lang='grc' dir='ltr'><strong><em>ἐστίν</em></strong></span> <span class='ocrx_word' id='word_1_58' title='bbox 989 887 1136 977; x_wconf 81' lang='grc' dir='ltr'><strong><em>αὕτη,ο</em></strong></span> 
     </span>
     <span class='ocr_line' id='line_1_8' title="bbox 187 983 1138 1112; baseline -0.001 -53"><span class='ocrx_word' id='word_1_59' title='bbox 187 994 351 1078; x_wconf 74' lang='grc' dir='ltr'><strong><em>Ξενοκλῆς</em></strong></span> <span class='ocrx_word' id='word_1_60' title='bbox 373 986 471 1070; x_wconf 77' lang='grc' dir='ltr'><strong><em>αὐτὸς</em></strong></span> <span class='ocrx_word' id='word_1_61' title='bbox 489 996 574 1084; x_wconf 77' lang='grc' dir='ltr'><strong><em>ἔργῳ</em></strong></span> <span class='ocrx_word' id='word_1_62' title='bbox 596 986 659 1059; x_wconf 75' lang='grc' dir='ltr'><strong><em>οὐκ</em></strong></span> <span class='ocrx_word' id='word_1_63' title='bbox 674 983 787 1077; x_wconf 79' lang='grc' dir='ltr'><strong><em>ὀλίγαν</em></strong></span> <span class='ocrx_word' id='word_1_64' title='bbox 809 988 929 1080; x_wconf 83' lang='grc' dir='ltr'><strong><em>χρόνον</em></strong></span> <span class='ocrx_word' id='word_1_65' title='bbox 951 986 1016 1112; x_wconf 82' lang='grc' dir='ltr'><strong><em>ἠδη</em></strong></span> <span class='ocrx_word' id='word_1_66' title='bbox 1033 985 1138 1076; x_wconf 85' lang='grc' dir='ltr'><strong><em>αληθή</em></strong></span> 
     </span>
     <span class='ocr_line' id='line_1_9' title="bbox 187 1086 1137 1210; baseline -0.003 -51"><span class='ocrx_word' id='word_1_67' title='bbox 187 1094 292 1159; x_wconf 79' lang='grc' dir='ltr'><strong><em>ταῦτα</em></strong></span> <span class='ocrx_word' id='word_1_68' title='bbox 311 1087 546 1180; x_wconf 78' lang='grc' dir='ltr'><strong><em>μεμαρτύρηκε.</em></strong></span> <span class='ocrx_word' id='word_1_69' title='bbox 592 1091 694 1178; x_wconf 87' lang='grc' dir='ltr'><strong><em>δήλου</em></strong></span> <span class='ocrx_word' id='word_1_70' title='bbox 721 1118 783 1179; x_wconf 92' lang='grc' dir='ltr'><strong><em>γαρ</em></strong></span> <span class='ocrx_word' id='word_1_71' title='bbox 806 1086 855 1160; x_wconf 85' lang='grc' dir='ltr'><strong><em>ότι</em></strong></span> <span class='ocrx_word' id='word_1_72' title='bbox 879 1095 910 1160; x_wconf 87' lang='grc' dir='ltr'><strong><em>εί</em></strong></span> <span class='ocrx_word' id='word_1_73' title='bbox 929 1087 974 1210; x_wconf 83' lang='grc' dir='ltr'><strong><em>μή</em></strong></span> <span class='ocrx_word' id='word_1_74' title='bbox 997 1086 1137 1178; x_wconf 84' lang='grc' dir='ltr'><strong><em>ἠγγόητο</em></strong></span> 
     </span>
     <span class='ocr_line' id='line_1_10' title="bbox 187 1173 1136 1307; baseline -0.002 -49"><span class='ocrx_word' id='word_1_75' title='bbox 187 1187 276 1280; x_wconf 78' lang='grc' dir='ltr'><strong><em>παρὰ</em></strong></span> <span class='ocrx_word' id='word_1_76' title='bbox 293 1218 352 1260; x_wconf 89' lang='grc' dir='ltr'><strong><em>του</em></strong></span> <span class='ocrx_word' id='word_1_77' title='bbox 341 1186 545 1262; x_wconf 64' lang='grc' dir='ltr'><strong><em>Ἐνδίου’</em></strong></span> <span class='ocrx_word' id='word_1_78' title='bbox 521 1219 565 1272; x_wconf 86' lang='grc' dir='ltr'><strong><em>ως</em></strong></span> <span class='ocrx_word' id='word_1_79' title='bbox 584 1173 657 1273; x_wconf 64' lang='grc' dir='ltr'><strong><em>λζ’</em></strong></span> <span class='ocrx_word' id='word_1_80' title='bbox 640 1197 770 1279; x_wconf 89' lang='grc' dir='ltr'><strong><em>εταίρας</em></strong></span> <span class='ocrx_word' id='word_1_81' title='bbox 788 1179 893 1259; x_wconf 79' lang='grc' dir='ltr'><strong><em>οὖσαν</em></strong></span> <span class='ocrx_word' id='word_1_82' title='bbox 910 1185 971 1307; x_wconf 83' lang='grc' dir='ltr'><strong><em>τήν</em></strong></span> <span class='ocrx_word' id='word_1_83' title='bbox 987 1205 1136 1278; x_wconf 82' lang='grc' dir='ltr'><strong><em>γυναῖκα,</em></strong></span> 
     </span>
     <span class='ocr_line' id='line_1_11' title="bbox 187 1286 1138 1407; baseline -0.002 -47"><span class='ocrx_word' id='word_1_84' title='bbox 187 1286 294 1362; x_wconf 80' lang='grc' dir='ltr'><strong><em>ὄντων</em></strong></span> <span class='ocrx_word' id='word_1_85' title='bbox 311 1319 401 1384; x_wconf 81' lang='grc' dir='ltr'><strong><em>αυτρι</em></strong></span> <span class='ocrx_word' id='word_1_86' title='bbox 390 1289 622 1412; x_wconf 79' lang='grc' dir='ltr'><strong><em>ταίδιονήδη</em></strong></span> <span class='ocrx_word' id='word_1_87' title='bbox 639 1288 841 1377; x_wconf 79' lang='grc' dir='ltr'><strong><em>τηλικούτων</em></strong></span> <span class='ocrx_word' id='word_1_88' title='bbox 859 1293 947 1360; x_wconf 76' lang='grc' dir='ltr'><strong><em>ἐκ</em></strong></span> <span class='ocrx_word' id='word_1_89' title='bbox 906 1317 972 1407; x_wconf 42' lang='grc' dir='ltr'><strong><em>της·</em></strong></span> <span class='ocrx_word' id='word_1_90' title='bbox 974 1287 1138 1380; x_wconf 72' lang='grc' dir='ltr'><strong><em>γυναικός,</em></strong></span> 
     </span>
     <span class='ocr_line' id='line_1_12' title="bbox 188 1386 1138 1486; baseline -0.004 -26"><span class='ocrx_word' id='word_1_91' title='bbox 188 1386 320 1474; x_wconf 78' lang='grc' dir='ltr'><strong><em>ζωντι</em></strong></span> <span class='ocrx_word' id='word_1_92' title='bbox 300 1420 342 1462; x_wconf 90' lang='grc' dir='ltr'><strong><em>αν</em></strong></span> <span class='ocrx_word' id='word_1_93' title='bbox 364 1420 410 1486; x_wconf 78' lang='grc' dir='ltr'><strong><em>τρι</em></strong></span> <span class='ocrx_word' id='word_1_94' title='bbox 398 1387 540 1483; x_wconf 73' lang='grc' dir='ltr'><strong><em>Ένδίῳ</em></strong></span> <span class='ocrx_word' id='word_1_95' title='bbox 557 1386 844 1480; x_wconf 77' lang='grc' dir='ltr'><strong><em>ἠμφισβήτησεν</em></strong></span> <span class='ocrx_word' id='word_1_96' title='bbox 824 1391 888 1459; x_wconf 56' lang='lat' dir='ltr'><strong><em>vn}</em></strong></span> <span class='ocrx_word' id='word_1_97' title='bbox 890 1419 908 1482; x_wconf 92' lang='grc' dir='ltr'><strong><em>ρ</em></strong></span> <span class='ocrx_word' id='word_1_98' title='bbox 932 1392 989 1477; x_wconf 89' lang='grc' dir='ltr'><strong><em>τής</em></strong></span> <span class='ocrx_word' id='word_1_99' title='bbox 1005 1396 1138 1478; x_wconf 83' lang='grc' dir='ltr'><strong><em>γνησίας</em></strong></span> 
     </span>
     <span class='ocr_line' id='line_1_13' title="bbox 136 1488 1137 1582; baseline -0.009 -18"><span class='ocrx_word' id='word_1_100' title='bbox 136 1513 170 1565; x_wconf 75' lang='grc'><strong><em>56</em></strong></span> <span class='ocrx_word' id='word_1_101' title='bbox 186 1490 353 1581; x_wconf 79' lang='grc' dir='ltr'><strong><em>θυγατρός</em></strong></span> <span class='ocrx_word' id='word_1_102' title='bbox 369 1494 437 1561; x_wconf 73' lang='grc' dir='ltr'><strong><em>τῶν</em></strong></span> <span class='ocrx_word' id='word_1_103' title='bbox 447 1489 621 1582; x_wconf 73' lang='grc' dir='ltr'><strong><em>πατρῴων,</em></strong></span> <span class='ocrx_word' id='word_1_104' title='bbox 639 1488 745 1570; x_wconf 80' lang='grc' dir='ltr'><strong><em>ἄλλοις</em></strong></span> <span class='ocrx_word' id='word_1_105' title='bbox 761 1518 798 1559; x_wconf 91' lang='grc' dir='ltr'><strong><em>τε</em></strong></span> <span class='ocrx_word' id='word_1_106' title='bbox 810 1493 865 1560; x_wconf 82' lang='grc' dir='ltr'><strong><em>καὶ</em></strong></span> <span class='ocrx_word' id='word_1_107' title='bbox 877 1489 1137 1579; x_wconf 79' lang='grc' dir='ltr'><strong><em>παρεσκευασμέ-</em></strong></span> 
     </span>
     <span class='ocr_line' id='line_1_14' title="bbox 187 1586 1137 1683; baseline -0.003 -21"><span class='ocrx_word' id='word_1_108' title='bbox 187 1619 244 1672; x_wconf 90' lang='grc' dir='ltr'><strong><em>νος</em></strong></span> <span class='ocrx_word' id='word_1_109' title='bbox 260 1589 305 1680; x_wconf 83' lang='grc' dir='ltr'><strong><em>μή</em></strong></span> <span class='ocrx_word' id='word_1_110' title='bbox 321 1586 494 1681; x_wconf 76' lang='grc' dir='ltr'><strong><em>ὁμολογεῖν</em></strong></span> <span class='ocrx_word' id='word_1_111' title='bbox 510 1589 571 1679; x_wconf 85' lang='grc' dir='ltr'><strong><em>τήν</em></strong></span> <span class='ocrx_word' id='word_1_112' title='bbox 586 1595 647 1661; x_wconf 79' lang='grc' dir='ltr'><strong><em>τοῦ</em></strong></span> <span class='ocrx_word' id='word_1_113' title='bbox 660 1588 789 1664; x_wconf 85' lang='grc' dir='ltr'><strong><em>Ἐυδίου</em></strong></span> <span class='ocrx_word' id='word_1_114' title='bbox 806 1598 940 1678; x_wconf 76' lang='grc' dir='ltr'><strong><em>ποίησιν</em></strong></span> <span class='ocrx_word' id='word_1_115' title='bbox 957 1593 1004 1683; x_wconf 78' lang='grc' dir='ltr'><strong><em>τῷ</em></strong></span> <span class='ocrx_word' id='word_1_116' title='bbox 1015 1588 1137 1679; x_wconf 80' lang='grc' dir='ltr'><strong><em>Πόρργ</em></strong></span> 
     </span>
     <span class='ocr_line' id='line_1_15' title="bbox 187 1686 1204 1782; baseline -0.003 -23"><span class='ocrx_word' id='word_1_117' title='bbox 187 1693 359 1779; x_wconf 63' lang='grc' dir='ltr'><strong><em>γενέσθαί</em></strong></span> <span class='ocrx_word' id='word_1_118' title='bbox 387 1686 431 1771; x_wconf 74' lang='grc' dir='ltr'><strong><em>σός</em></strong></span> <span class='ocrx_word' id='word_1_119' title='bbox 446 1689 486 1779; x_wconf 87' lang='grc' dir='ltr'><strong><em>δή</em></strong></span> <span class='ocrx_word' id='word_1_120' title='bbox 498 1688 559 1782; x_wconf 76' lang='grc' dir='ltr'><strong><em>οὐχ</em></strong></span> <span class='ocrx_word' id='word_1_121' title='bbox 570 1687 740 1781; x_wconf 69' lang='grc' dir='ltr'><strong><em>όμολογοῐν</em></strong></span> <span class='ocrx_word' id='word_1_122' title='bbox 752 1717 822 1771; x_wconf 78' lang='grc' dir='ltr'><strong><em>τοις</em></strong></span> <span class='ocrx_word' id='word_1_123' title='bbox 840 1689 1059 1778; x_wconf 81' lang='grc' dir='ltr'><strong><em>ίιιεσκήιιτετυ</em></strong></span> <span class='ocrx_word' id='word_1_124' title='bbox 1077 1703 1138 1766; x_wconf 84' lang='grc' dir='ltr'><strong><em>τοῖς</em></strong></span> <span class='ocrx_word' id='word_1_125' title='bbox 1203 1761 1204 1764; x_wconf 8' lang='grc' dir='ltr'><strong>Ἴ</strong></span> 
     </span>
     <span class='ocr_line' id='line_1_16' title="bbox 187 1789 1204 1882; baseline -0.002 -22"><span class='ocrx_word' id='word_1_126' title='bbox 187 1789 471 1882; x_wconf 83' lang='grc' dir='ltr'><strong><em>μεμαρτυρηκόσιν</em></strong></span> <span class='ocrx_word' id='word_1_127' title='bbox 495 1795 548 1862; x_wconf 76' lang='grc' dir='ltr'><strong><em>ἐστὶ</em></strong></span> <span class='ocrx_word' id='word_1_128' title='bbox 571 1793 612 1882; x_wconf 83' lang='grc' dir='ltr'><strong><em>τή</em></strong></span> <span class='ocrx_word' id='word_1_129' title='bbox 635 1789 781 1880; x_wconf 77' lang='grc' dir='ltr'><strong><em>διαθήκη</em></strong></span> <span class='ocrx_word' id='word_1_130' title='bbox 803 1794 865 1861; x_wconf 79' lang='grc' dir='ltr'><strong><em>τοή</em></strong></span> <span class='ocrx_word' id='word_1_131' title='bbox 881 1789 1021 1880; x_wconf 84' lang='grc' dir='ltr'><strong><em>Πύρρου</em></strong></span> <span class='ocrx_word' id='word_1_132' title='bbox 1041 1816 1137 1878; x_wconf 81' lang='grc' dir='ltr'><strong><em>παρα·</em></strong></span> <span class='ocrx_word' id='word_1_133' title='bbox 1203 1827 1204 1858; x_wconf 77' lang='grc' dir='ltr'><strong><em>ς</em></strong></span> 
     </span>
     <span class='ocr_line' id='line_1_17' title="bbox 186 1885 1138 1982; baseline -0.004 -22"><span class='ocrx_word' id='word_1_134' title='bbox 186 1894 351 1978; x_wconf 81' lang='grc' dir='ltr'><strong><em>γενέσθαι.</em></strong></span> <span class='ocrx_word' id='word_1_135' title='bbox 379 1895 434 1962; x_wconf 83' lang='grc' dir='ltr'><strong><em>καλ</em></strong></span> <span class='ocrx_word' id='word_1_136' title='bbox 453 1889 497 1974; x_wconf 75' lang='grc' dir='ltr'><strong><em>ὥς</em></strong></span> <span class='ocrx_word' id='word_1_137' title='bbox 513 1889 625 1982; x_wconf 84' lang='grc' dir='ltr'><strong><em>ἆληθή</em></strong></span> <span class='ocrx_word' id='word_1_138' title='bbox 636 1895 731 1980; x_wconf 83' lang='grc' dir='ltr'><strong><em>λέγω,</em></strong></span> <span class='ocrx_word' id='word_1_139' title='bbox 750 1886 976 1978; x_wconf 74' lang='grc' dir='ltr'><strong><em>ἀναγνώσεται</em></strong></span> <span class='ocrx_word' id='word_1_140' title='bbox 987 1885 1072 1979; x_wconf 76' lang='grc' dir='ltr'><strong><em>ὑμῖν</em></strong></span> <span class='ocrx_word' id='word_1_141' title='bbox 1083 1885 1138 1974; x_wconf 88' lang='grc' dir='ltr'><strong><em>τήν</em></strong></span> 
     </span>
     <span class='ocr_line' id='line_1_18' title="bbox 187 1987 1136 2083; baseline -0.007 -21"><span class='ocrx_word' id='word_1_142' title='bbox 187 2000 372 2083; x_wconf 88' lang='grc' dir='ltr'><strong><em>μαρτυρίαν</em></strong></span> <span class='ocrx_word' id='word_1_143' title='bbox 388 1990 450 2081; x_wconf 88' lang='grc' dir='ltr'><strong><em>τήν</em></strong></span> <span class='ocrx_word' id='word_1_144' title='bbox 461 2005 739 2083; x_wconf 73' lang='grc' dir='ltr'><strong><em>μαρτυρηθείσαυ.</em></strong></span> <span class='ocrx_word' id='word_1_145' title='bbox 765 1987 1006 2080; x_wconf 85' lang='grc' dir='ltr'><strong><em>Ἀναγίγνωσκε</em></strong></span> <span class='ocrx_word' id='word_1_146' title='bbox 1018 1988 1136 2067; x_wconf 76' lang='grc' dir='ltr'><strong><em>αὐτοῖς.</em></strong></span> 
     </span>
     <span class='ocr_line' id='line_1_19' title="bbox 566 2157 1097 2266; baseline -0.004 -59"><span class='ocrx_word' id='word_1_147' title='bbox 566 2157 763 2208; x_wconf 76' lang='grc' dir='ltr'><strong>ΜΑΡΤΤΡΙΑ.</strong></span> <span class='ocrx_word' id='word_1_148' title='bbox 920 2201 923 2206; x_wconf 83' lang='grc'>.</span> <span class='ocrx_word' id='word_1_149' title='bbox 1090 2222 1097 2266; x_wconf 55' lang='grc' dir='ltr'>Ι</span> 
     </span>
     <span class='ocr_line' id='line_1_20' title="bbox 376 2245 392 2282; baseline 0 -12"><span class='ocrx_word' id='word_1_150' title='bbox 376 2245 392 2282; x_wconf 66' lang='grc' dir='ltr'><strong><em>ιη</em></strong></span> 
     </span>
     <span class='ocr_line' id='line_1_21' title="bbox 136 2291 1138 2386; baseline -0.004 -23"><span class='ocrx_word' id='word_1_151' title='bbox 136 2312 169 2364; x_wconf 71' lang='grc'><strong><em>57</em></strong></span> <span class='ocrx_word' id='word_1_152' title='bbox 260 2291 356 2365; x_wconf 77' lang='grc' dir='ltr'><strong><em>’Λλλᾶ</em></strong></span> <span class='ocrx_word' id='word_1_153' title='bbox 372 2293 439 2386; x_wconf 84' lang='grc' dir='ltr'><strong><em>μήν</em></strong></span> <span class='ocrx_word' id='word_1_154' title='bbox 460 2293 592 2367; x_wconf 78' lang='grc' dir='ltr'><strong><em>κάκεῖνό</em></strong></span> <span class='ocrx_word' id='word_1_155' title='bbox 609 2324 648 2384; x_wconf 91' lang='grc' dir='ltr'><strong><em>γε</em></strong></span> <span class='ocrx_word' id='word_1_156' title='bbox 665 2299 782 2383; x_wconf 83' lang='grc' dir='ltr'><strong><em>δήλου,</em></strong></span> <span class='ocrx_word' id='word_1_157' title='bbox 808 2291 852 2376; x_wconf 80' lang='grc' dir='ltr'><strong><em>ὦς</em></strong></span> <span class='ocrx_word' id='word_1_158' title='bbox 869 2292 930 2386; x_wconf 77' lang='grc' dir='ltr'><strong><em>οὐχ</em></strong></span> <span class='ocrx_word' id='word_1_159' title='bbox 946 2291 1138 2386; x_wconf 75' lang='grc' dir='ltr'><strong><em>ὁμολογοῦσι</em></strong></span> 
     </span>
     <span class='ocr_line' id='line_1_22' title="bbox 187 2390 1135 2518; baseline -0.001 -54"><span class='ocrx_word' id='word_1_160' title='bbox 187 2391 248 2518; x_wconf 78' lang='grc' dir='ltr'><strong><em>τήν</em></strong></span> <span class='ocrx_word' id='word_1_161' title='bbox 264 2397 326 2466; x_wconf 80' lang='grc' dir='ltr'><strong><em>τοή</em></strong></span> <span class='ocrx_word' id='word_1_162' title='bbox 339 2393 468 2468; x_wconf 85' lang='grc' dir='ltr'><strong><em>Ἐνδίου</em></strong></span> <span class='ocrx_word' id='word_1_163' title='bbox 491 2404 624 2484; x_wconf 89' lang='grc' dir='ltr'><strong><em>ιιοίησιυ</em></strong></span> <span class='ocrx_word' id='word_1_164' title='bbox 647 2390 712 2466; x_wconf 81' lang='grc' dir='ltr'><strong><em>διιό</em></strong></span> <span class='ocrx_word' id='word_1_165' title='bbox 736 2400 797 2466; x_wconf 77' lang='grc' dir='ltr'><strong><em>τοῦ</em></strong></span> <span class='ocrx_word' id='word_1_166' title='bbox 812 2393 951 2485; x_wconf 78' lang='grc' dir='ltr'><strong><em>Πύρρον</em></strong></span> <span class='ocrx_word' id='word_1_167' title='bbox 974 2401 1135 2484; x_wconf 82' lang='grc' dir='ltr'><strong><em>γενέσθαι</em></strong></span> 
     </span>
     <span class='ocr_line' id='line_1_23' title="bbox 187 2492 1137 2617; baseline -0.003 -53"><span class='ocrx_word' id='word_1_168' title='bbox 187 2523 228 2564; x_wconf 95' lang='grc' dir='ltr'><strong><em>ου</em></strong></span> <span class='ocrx_word' id='word_1_169' title='bbox 245 2524 307 2586; x_wconf 90' lang='grc' dir='ltr'><strong><em>γαρ</em></strong></span> <span class='ocrx_word' id='word_1_170' title='bbox 331 2492 373 2567; x_wconf 78' lang='grc' dir='ltr'><strong><em>ἂν</em></strong></span> <span class='ocrx_word' id='word_1_171' title='bbox 389 2492 593 2588; x_wconf 81' lang='grc' dir='ltr'><strong><em>ὖιιερβαντες</em></strong></span> <span class='ocrx_word' id='word_1_172' title='bbox 614 2495 672 2568; x_wconf 86' lang='grc' dir='ltr'><strong><em>τὸν</em></strong></span> <span class='ocrx_word' id='word_1_173' title='bbox 687 2505 878 2567; x_wconf 84' lang='grc' dir='ltr'><strong><em>τελευταῖον</em></strong></span> <span class='ocrx_word' id='word_1_174' title='bbox 900 2524 959 2566; x_wconf 87' lang='grc' dir='ltr'><strong><em>του</em></strong></span> <span class='ocrx_word' id='word_1_175' title='bbox 949 2499 1074 2567; x_wconf 76' lang='grc' dir='ltr'><strong><em>οἴκου</em></strong></span> <span class='ocrx_word' id='word_1_176' title='bbox 1090 2520 1137 2617; x_wconf 82' lang='grc' dir='ltr'><strong><em>γε·</em></strong></span> 
     </span>
     <span class='ocr_line' id='line_1_24' title="bbox 186 2591 1136 2688; baseline -0.004 -22"><span class='ocrx_word' id='word_1_177' title='bbox 186 2599 367 2686; x_wconf 83' lang='grc' dir='ltr'><strong><em>γενημίνον</em></strong></span> <span class='ocrx_word' id='word_1_178' title='bbox 390 2596 594 2688; x_wconf 89' lang='grc' dir='ltr'><strong><em>κληρονόμον</em></strong></span> <span class='ocrx_word' id='word_1_179' title='bbox 615 2591 700 2687; x_wconf 69' lang='grc' dir='ltr'><strong><em>υιιδρ</em></strong></span> <span class='ocrx_word' id='word_1_180' title='bbox 722 2601 780 2684; x_wconf 91' lang='grc' dir='ltr'><strong><em>τής</em></strong></span> <span class='ocrx_word' id='word_1_181' title='bbox 796 2594 953 2684; x_wconf 81' lang='grc' dir='ltr'><strong><em>γυναικὸς</em></strong></span> <span class='ocrx_word' id='word_1_182' title='bbox 970 2624 1030 2666; x_wconf 87' lang='grc' dir='ltr'><strong><em>του</em></strong></span> <span class='ocrx_word' id='word_1_183' title='bbox 1049 2593 1136 2681; x_wconf 81' lang='grc' dir='ltr'><strong><em>Πόρ</em></strong></span> 
     </span>
     <span class='ocr_line' id='line_1_25' title="bbox 186 2686 1137 2820; baseline -0.006 -52"><span class='ocrx_word' id='word_1_184' title='bbox 186 2725 247 2786; x_wconf 93' lang='grc' dir='ltr'><strong><em>ρου</em></strong></span> <span class='ocrx_word' id='word_1_185' title='bbox 271 2697 393 2820; x_wconf 88' lang='grc' dir='ltr'><strong><em>κλήρου</em></strong></span> <span class='ocrx_word' id='word_1_186' title='bbox 417 2707 530 2787; x_wconf 85' lang='grc' dir='ltr'><strong><em>λαχεῖν</em></strong></span> <span class='ocrx_word' id='word_1_187' title='bbox 552 2696 613 2785; x_wconf 87' lang='grc' dir='ltr'><strong><em>τήν</em></strong></span> <span class='ocrx_word' id='word_1_188' title='bbox 637 2699 729 2785; x_wconf 79' lang='grc' dir='ltr'><strong><em>λήξιν</em></strong></span> <span class='ocrx_word' id='word_1_189' title='bbox 752 2686 954 2784; x_wconf 81' lang='grc' dir='ltr'><strong><em>ἠξίωσαν</em></strong></span> <span class='ocrx_word' id='word_1_190' title='bbox 912 2725 1011 2766; x_wconf 89' lang='grc' dir='ltr'><strong><em>ουτοι.</em></strong></span> <span class='ocrx_word' id='word_1_191' title='bbox 1045 2693 1137 2784; x_wconf 67' lang='grc' dir='ltr'><strong><em>ὁμὲν</em></strong></span> 
     </span>
     <span class='ocr_line' id='line_1_26' title="bbox 186 2793 1135 2887; baseline -0.004 -20"><span class='ocrx_word' id='word_1_192' title='bbox 186 2794 249 2886; x_wconf 78' lang='grc' dir='ltr'><strong><em>γὰρ</em></strong></span> <span class='ocrx_word' id='word_1_193' title='bbox 266 2797 400 2887; x_wconf 82' lang='grc' dir='ltr'><strong><em>Πύρρος</em></strong></span> <span class='ocrx_word' id='word_1_194' title='bbox 423 2793 570 2868; x_wconf 81' lang='grc' dir='ltr'><strong><em>κλείω</em></strong></span> <span class='ocrx_word' id='word_1_195' title='bbox 550 2827 570 2886; x_wconf 94' lang='grc' dir='ltr'><strong><em>η</em></strong></span> <span class='ocrx_word' id='word_1_196' title='bbox 595 2809 718 2868; x_wconf 87' lang='grc' dir='ltr'><strong><em>εῖκοσιν</em></strong></span> <span class='ocrx_word' id='word_1_197' title='bbox 741 2804 795 2885; x_wconf 78' lang='grc' dir='ltr'><strong><em>ἔτη</em></strong></span> <span class='ocrx_word' id='word_1_198' title='bbox 817 2795 1047 2884; x_wconf 79' lang='grc' dir='ltr'><strong><em>τετελεύτηκεν</em></strong></span> <span class='ocrx_word' id='word_1_199' title='bbox 1065 2794 1135 2885; x_wconf 83' lang='grc' dir='ltr'><strong><em>ήδη,</em></strong></span> 
     </span>
     <span class='ocr_line' id='line_1_27' title="bbox 185 2889 1137 2987; baseline -0.001 -24"><span class='ocrx_word' id='word_1_200' title='bbox 185 2889 281 2963; x_wconf 62' lang='lat'><strong><em>555⁸</em></strong></span> <span class='ocrx_word' id='word_1_201' title='bbox 277 2903 396 2978; x_wconf 81' lang='grc' dir='ltr'><strong><em>Ενδιος</em></strong></span> <span class='ocrx_word' id='word_1_202' title='bbox 419 2924 479 2966; x_wconf 90' lang='grc' dir='ltr'><strong><em>του</em></strong></span> <span class='ocrx_word' id='word_1_203' title='bbox 496 2901 780 2985; x_wconf 83' lang='grc' dir='ltr'><strong><em>Μεταγειτνιανος</em></strong></span> <span class='ocrx_word' id='word_1_204' title='bbox 802 2893 904 2986; x_wconf 82' lang='grc' dir='ltr'><strong><em>μηνός</em></strong></span> <span class='ocrx_word' id='word_1_205' title='bbox 926 2899 1137 2987; x_wconf 81' lang='grc' dir='ltr'><strong><em>ιιέρυσιυ,ν</em></strong></span> <span class='ocrx_word' id='word_1_206' title='bbox 1104 2896 1137 2962; x_wconf 80' lang='grc' dir='ltr'><strong><em>ἐν</em></strong></span> 
     </span>
     <span class='ocr_line' id='line_1_28' title="bbox 186 2984 1136 3116; baseline 0.007 -53"><span class='ocrx_word' id='word_1_207' title='bbox 186 3023 212 3086; x_wconf 78' lang='grc' dir='ltr'><strong><em>ρι</em></strong></span> <span class='ocrx_word' id='word_1_208' title='bbox 199 2984 347 3116; x_wconf 80' lang='grc' dir='ltr'><strong><em>ἔλαχον</em></strong></span> <span class='ocrx_word' id='word_1_209' title='bbox 363 3025 422 3066; x_wconf 87' lang='grc' dir='ltr'><strong><em>του</em></strong></span> <span class='ocrx_word' id='word_1_210' title='bbox 411 2995 563 3087; x_wconf 90' lang='grc' dir='ltr'><strong><em>κλήρου</em></strong></span> <span class='ocrx_word' id='word_1_211' title='bbox 586 2996 648 3085; x_wconf 87' lang='grc' dir='ltr'><strong><em>τήν</em></strong></span> <span class='ocrx_word' id='word_1_212' title='bbox 665 3001 757 3085; x_wconf 85' lang='grc' dir='ltr'><strong><em>λήξιν</em></strong></span> <span class='ocrx_word' id='word_1_213' title='bbox 780 3004 872 3087; x_wconf 89' lang='grc' dir='ltr'><strong><em>τρίτη</em></strong></span> <span class='ocrx_word' id='word_1_214' title='bbox 890 2993 997 3088; x_wconf 80' lang='grc' dir='ltr'><strong><em>ήμέρᾳ</em></strong></span> <span class='ocrx_word' id='word_1_215' title='bbox 1015 2994 1136 3070; x_wconf 73' lang='grc' dir='ltr'><strong><em>ευθέως</em></strong></span> 
     </span>
     <span class='ocr_line' id='line_1_29' title="bbox 131 3092 1135 3185; baseline 0.003 -20"><span class='ocrx_word' id='word_1_216' title='bbox 131 3111 168 3164; x_wconf 74' lang='grc'><strong><em>58</em></strong></span> <span class='ocrx_word' id='word_1_217' title='bbox 185 3123 284 3166; x_wconf 87' lang='grc' dir='ltr'><strong><em>ουτοι.</em></strong></span> <span class='ocrx_word' id='word_1_218' title='bbox 327 3092 345 3166; x_wconf 89' lang='lat'><em>5</em></span> <span class='ocrx_word' id='word_1_219' title='bbox 375 3098 412 3167; x_wconf 74' lang='grc' dir='ltr'><strong><em>δὲ</em></strong></span> <span class='ocrx_word' id='word_1_220' title='bbox 432 3094 538 3185; x_wconf 85' lang='grc' dir='ltr'><strong><em>νόμος</em></strong></span> <span class='ocrx_word' id='word_1_221' title='bbox 562 3101 658 3168; x_wconf 78' lang='grc' dir='ltr'><strong><em>πέντε</em></strong></span> <span class='ocrx_word' id='word_1_222' title='bbox 688 3100 770 3167; x_wconf 79' lang='grc' dir='ltr'><strong><em>ἐτοιυ</em></strong></span> <span class='ocrx_word' id='word_1_223' title='bbox 791 3095 917 3168; x_wconf 84' lang='grc' dir='ltr'><strong><em>κελευει</em></strong></span> <span class='ocrx_word' id='word_1_224' title='bbox 943 3095 1135 3168; x_wconf 68' lang='grc' dir='ltr'><strong><em>δικάσασθαι</em></strong></span> 
     </span>
     <span class='ocr_line' id='line_1_30' title="bbox 185 3193 1135 3320; baseline -0.002 -54"><span class='ocrx_word' id='word_1_225' title='bbox 185 3223 244 3266; x_wconf 88' lang='grc' dir='ltr'><strong><em>του</em></strong></span> <span class='ocrx_word' id='word_1_226' title='bbox 232 3196 395 3320; x_wconf 84' lang='grc' dir='ltr'><strong><em>κλήρου,</em></strong></span> <span class='ocrx_word' id='word_1_227' title='bbox 415 3195 550 3269; x_wconf 79' lang='grc' dir='ltr'><strong><em>ἐπειδᾶν</em></strong></span> <span class='ocrx_word' id='word_1_228' title='bbox 562 3197 739 3288; x_wconf 87' lang='grc' dir='ltr'><strong><em>τελευτήση</em></strong></span> <span class='ocrx_word' id='word_1_229' title='bbox 751 3227 769 3268; x_wconf 91' lang='grc' dir='ltr'><strong><em>ο</em></strong></span> <span class='ocrx_word' id='word_1_230' title='bbox 758 3193 990 3288; x_wconf 63' lang='grc' dir='ltr'><strong><em>’κληρονόμος</em></strong></span> <span class='ocrx_word' id='word_1_231' title='bbox 1017 3194 1135 3267; x_wconf 81' lang='grc' dir='ltr'><strong><em>οόκουν</em></strong></span> 
     </span>
     <span class='ocr_line' id='line_1_31' title="bbox 187 3291 1133 3395; baseline -0.005 -29"><span class='ocrx_word' id='word_1_232' title='bbox 187 3302 283 3368; x_wconf 81' lang='grc' dir='ltr'><strong><em>δυοῖν</em></strong></span> <span class='ocrx_word' id='word_1_233' title='bbox 300 3326 339 3368; x_wconf 93' lang='grc' dir='ltr'><strong><em>τα</em></strong></span> <span class='ocrx_word' id='word_1_234' title='bbox 328 3296 451 3390; x_wconf 81' lang='grc' dir='ltr'><strong><em>ἕτερα</em></strong></span> <span class='ocrx_word' id='word_1_235' title='bbox 467 3303 614 3390; x_wconf 82' lang='grc' dir='ltr'><strong><em>προσήκε</em></strong></span> <span class='ocrx_word' id='word_1_236' title='bbox 631 3302 673 3388; x_wconf 87' lang='grc' dir='ltr'><strong><em>τή</em></strong></span> <span class='ocrx_word' id='word_1_237' title='bbox 689 3307 838 3387; x_wconf 76' lang='grc' dir='ltr'><strong><em>γυναικί,</em></strong></span> <span class='ocrx_word' id='word_1_238' title='bbox 863 3293 883 3386; x_wconf 89' lang='grc' dir='ltr'><strong><em>ἠ</em></strong></span> <span class='ocrx_word' id='word_1_239' title='bbox 902 3301 996 3395; x_wconf 80' lang='grc' dir='ltr'><strong><em>ζωντι</em></strong></span> <span class='ocrx_word' id='word_1_240' title='bbox 1014 3326 1059 3390; x_wconf 77' lang='grc' dir='ltr'><strong><em>τρι</em></strong></span> <span class='ocrx_word' id='word_1_241' title='bbox 1047 3291 1133 3366; x_wconf 81' lang='grc' dir='ltr'><strong><em>’Ἐν</em></strong></span> 
     </span>
     <span class='ocr_line' id='line_1_32' title="bbox 187 3393 1134 3520; baseline -0.003 -55"><span class='ocrx_word' id='word_1_242' title='bbox 187 3403 249 3490; x_wconf 78' lang='grc' dir='ltr'><strong><em>διρι</em></strong></span> <span class='ocrx_word' id='word_1_243' title='bbox 265 3394 510 3520; x_wconf 74' lang='grc' dir='ltr'><strong><em>ἀμφισβητῆσαι</em></strong></span> <span class='ocrx_word' id='word_1_244' title='bbox 533 3427 601 3470; x_wconf 87' lang='grc' dir='ltr'><strong><em>των</em></strong></span> <span class='ocrx_word' id='word_1_245' title='bbox 625 3397 802 3491; x_wconf 71' lang='grc' dir='ltr'><strong><em>πατρῴων,</em></strong></span> <span class='ocrx_word' id='word_1_246' title='bbox 826 3427 847 3486; x_wconf 92' lang='grc' dir='ltr'><strong><em>η</em></strong></span> <span class='ocrx_word' id='word_1_247' title='bbox 833 3393 978 3486; x_wconf 79' lang='grc' dir='ltr'><strong><em>ἐπειδη</em></strong></span> <span class='ocrx_word' id='word_1_248' title='bbox 995 3407 1134 3467; x_wconf 85' lang='grc' dir='ltr'><strong><em>τετελευ-</em></strong></span> 
     </span>
     <span class='ocr_line' id='line_1_33' title="bbox 184 3488 1132 3634; baseline -0.006 -64"><span class='ocrx_word' id='word_1_249' title='bbox 184 3525 293 3614; x_wconf 84' lang='grc' dir='ltr'><strong><em>τηκως</em></strong></span> <span class='ocrx_word' id='word_1_250' title='bbox 315 3488 357 3587; x_wconf 89' lang='grc' dir='ltr'><strong><em>ήν</em></strong></span> <span class='ocrx_word' id='word_1_251' title='bbox 380 3495 398 3570; x_wconf 87' lang='grc' dir='ltr'><strong>ὁ</strong></span> <span class='ocrx_word' id='word_1_252' title='bbox 421 3507 622 3634; x_wconf 74' lang='grc' dir='ltr'><strong><em>είστιοίητος,</em></strong></span> <span class='ocrx_word' id='word_1_253' title='bbox 644 3525 712 3568; x_wconf 84' lang='grc' dir='ltr'><strong><em>ταν</em></strong></span> <span class='ocrx_word' id='word_1_254' title='bbox 733 3527 793 3568; x_wconf 93' lang='grc' dir='ltr'><strong><em>του</em></strong></span> <span class='ocrx_word' id='word_1_255' title='bbox 781 3495 967 3588; x_wconf 81' lang='grc' dir='ltr'><strong><em>ἀδελφοή</em></strong></span> <span class='ocrx_word' id='word_1_256' title='bbox 988 3495 1050 3586; x_wconf 85' lang='grc' dir='ltr'><strong><em>τήν</em></strong></span> <span class='ocrx_word' id='word_1_257' title='bbox 1073 3498 1132 3565; x_wconf 83' lang='grc' dir='ltr'><strong><em>ίιιι·</em></strong></span> 
     </span>
    </p>
   </div>
   <div class='ocr_carea' id='block_1_3' title="bbox 0 0 1226 3948">
    <p class='ocr_par' dir='ltr' id='par_1_3' title="bbox 0 0 1226 3948">
     <span class='ocr_line' id='line_1_34' title="bbox 0 0 1226 3948; baseline 0 1"><span class='ocrx_word' id='word_1_258' title='bbox 0 0 1226 3948; x_wconf 95' lang='lat' dir='ltr'><strong><em> </em></strong></span> 
     </span>
    </p>
   </div>
  </div>
 </body>
</html>
