2450 3950
210 251 270 316 138
619 242 748 295 ιιιιιου
1052 240 1104 292 οι.
1121 239 1157 296 ιι

205 414 336 506 Ἁγνίας
354 405 433 503 οὖν,
450 410 506 484 ὅτε
525 418 657 484 ἐκπλεῖν
674 408 931 503 παρεσκευάζπο
949 411 1160 503 πρεσβεύσων

210 521 263 588 ἐπὶ
292 513 411 596 ταύτας
439 511 496 596 τάς
525 511 656 603 πράξεις
684 520 720 582 αλ
740 516 787 602 τῆ
810 510 902 582 πόλει
931 511 1161 603 συμφερόντως

210 618 315 707 εἶχον,
340 613 401 687 ούκ
420 610 473 704 ἐφ’
492 607 572 704 ἡμῖν
588 630 657 695 τοῖς
675 611 835 700 ἐγγύτατα
851 616 986 703 γένους,
1011 624 1047 682 εί
1060 642 1092 682 τι
1109 612 1162 682 πά-

209 714 346 806 θοι,τά
375 714 455 787 ὄντα
482 717 681 801 κατέλιπεν,Ι
701 709 776 783 ἀλλ’
802 711 975 801 ἐποιήσατο
998 717 1163 802 θυγατέρα

210 813 314 887 αὑτοῦ
335 814 535 904 ἀδελφιδῆν·
563 823 593 884 ελ
616 817 656 882 δέ
675 841 706 882 τι
729 816 784 882 καλ
807 807 891 901 αύτῆ
915 812 1037 903 πάθοι,
1063 811 1164 884 Γλαύ-

210 946 292 989 κωνι
314 913 354 988 τά
374 913 454 986 ὄντα
478 919 607 1002 ἐδίδου,
635 909 770 1007 ἀδελφῷ
790 909 860 984 ὄντι
883 907 1089 1007 ὁμομητρίῳΙ
1116 915 1164 982 καλ

175 1044 193 1096 9
210 1013 303 1088 ταῦτ’
326 1021 361 1087 ἐν
380 1014 555 1104 διαθήκαις
574 1017 741 1104 ἐνέγραψε.
776 1013 906 1104 χρόνων
925 1014 962 1084 δὲ
980 1016 1164 1102 διαγενομέ-

209 1146 279 1188 νων
301 1114 382 1206 μετά
404 1120 506 1186 ταύτα
528 1117 665 1206 τελευτά
692 1115 753 1203 μὲν
731 1110 1001 1205 νΕύβονλίδης,
1032 1117 1166 1203 τελευτᾷ
1207 1167 1208 1186 ι

213 1214 244 1287 δ’
273 1213 294 1306 6
323 1214 475 1306 θυγάτηρ
503 1211 547 1303 ῆν
576 1183 763 1337 ἐποίήσμτο
766 1209 861 1302 Ἅγνί
859 1243 917 1302 ας,
945 1214 1111 1304 λαμβάνει
1135 1214 1208 1302 δε

211 1315 269 1388 τόν
292 1321 414 1410 κλῆρον
436 1315 600 1387 Γλαύκων
622 1312 705 1384 κατά
726 1311 787 1403 τήν
812 1313 986 1403 διαθήκην.
1021 1310 1163 1406 ῆμεῖςδ
1207 1343 1208 1426 χ

210 1414 251 1489 06
268 1417 383 1488 πτόποτ
386 1412 598 1504 ηξιωσαμευ
608 1411 854 1504 αμφισβητησαι
864 1440 947 1506 προς
962 1411 1021 1496 τάς
1041 1419 1166 1534 ἐκείνρυ

212 1517 391 1606 διαθήκας,
420 1512 494 1586 ἀλλ’
524 1511 657 1608 βόμεθα
686 1519 758 1586 δεῖν
786 1517 864 1604 περὶ
890 1543 959 1586 των
981 1510 1092 1588 αύτοτῑ
1112 1512 1166 1602 τῆν

212 1622 341 1688 ἐκείνου
364 1615 501 1705 γνώμην
524 1615 611 1687 εἶναι
632 1623 768 1706 κυρίαν,
791 1617 847 1685 καλ
868 1613 996 1696 τούτοις
1021 1620 1166 1706 ἐνεμένο

209 1745 280 1807 μεν.
316 1713 337 1804 6
356 1713 388 1786 δ’
408 1712 620 1804 Εὐβουλίδου
636 1714 787 1806 θυγάτηρ
798 1712 880 1806 μετά
896 1720 963 1787 τοῖν
986 1713 1075 1808 αύτῆ
1092 1738 1165 1804 συμ-

210 1816 422 1910 πραττόντων
438 1815 592 1906 λαγχάνει
608 1819 670 1886 τοῦ
685 1814 809 1905 κλήρου
826 1818 882 1886 καλ
900 1814 1063 1906 λαμβάνει
1081 1814 1166 1903 νική-

210 1940 296 1988 σασα
313 1916 390 2000 τοάς
407 1913 489 1988 κατά
505 1915 568 2006 τῆν
586 1915 753 2005 διαθήκην
764 1911 1093 2008 ἀμφισβητήσαντας,
1112 1924 1165 2000 ἐξω

209 2021 271 2108 μὲν
296 2009 381 2090 οὖσα
408 2023 466 2107 τῆς
490 2015 692 2108 ἀγχιστείας,
723 2020 881 2086 ἐλπίσασα
905 2013 937 2086 δ’
963 2012 1023 2108 (ὣς
1048 2013 1164 2104 ἔοικεν)

209 2115 293 2208 ῆμάς
321 2116 403 2209 πρός
434 2115 542 2206 αύτῆν
564 2113 627 2187 ούκ
649 2114 888 2206 ἀντιδικήσειν,
912 2113 963 2186 ότι
985 2113 1070 2188 οὐδὲ
1091 2115 1165 2208 πρός

161 2247 194 2298 10
210 2215 268 2298 τάς
292 2215 454 2305 διαθήκας
477 2213 780 2307 ήμφισβητήσαμεν.
826 2212 921 2306 ἡμεῖς
947 2222 999 2308 δέ,
1026 2217 1092 2308 ἐγω
1116 2218 1164 2286 καὶ

210 2324 373 2408 Στρατίος
396 2319 452 2404 καλ
469 2321 696 2408 Στρατοκλῆς,
719 2314 833 2404 ἐπειδή
850 2334 918 2399 τοῖς
937 2317 1102 2408 ἐγγύτατα
1117 2319 1164 2406 γε’-

208 2447 289 2499 νους
320 2419 490 2507 ἐγεγένητο
515 2419 663 2498 ἐπίδικος
685 2411 702 2486 ὁ
728 2421 863 2507 κλῆρος,
887 2419 1163 2509 παρεσκευάζοντο
1206 2465 1207 2496 ,

208 2515 352 2600 ἀπαντες
364 2515 558 2608 λαγχάνειν·
577 2520 657 2608 πρὶν
675 2518 712 2586 δέ
729 2519 885 2605 γενέσθαι
902 2516 960 2600 τάς
977 2518 1086 2606 λήξεις
1103 2521 1164 2636 τοίη
1206 2561 1207 2614 χ

210 2623 314 2691 δικῶν
341 2613 422 2709 ἡμῖν
444 2623 581 2712 τελευτᾷ
602 2647 663 2708 μεν
686 2611 704 2687 6
726 2625 916 2738 Στρατιος,
934 2623 1074 2712 τελευτᾷ
1097 2615 1127 2689 δ’
1147 2611 1162 2685 6

209 2724 436 2843 Στρατοκλῆς,
454 2729 606 2842 λείπομαι
625 2714 657 2787 δ’
678 2714 794 2804 676'
751 2746 851 2839 μονορ
868 2723 936 2791 τοῖν
953 2718 1035 2810 πρός
1046 2715 1163 2810 πατρὸς

208 2813 259 2890 ἀν
276 2817 418 2903 ἀνεψιοῦ
435 2838 554 2914 παῖς,
542 2809 570 2888 ολ
586 2817 677 2912 μόνφ
687 2815 769 2888 κατά
785 2815 862 2900 τούς
879 2818 1002 2910 νόμους
1021 2825 1161 2909 ἐγίγνετο

208 2947 230 3008 η
219 2913 463 3042 κληρονομία,
482 2918 617 2991 πάντων
627 2915 693 3008 ήδη
709 2921 776 2988 τῶν
793 2915 905 2990 ἀλλων
917 2920 1159 3004 ἐκλελοιπότων,

209 3027 243 3088 οἳ
257 3013 379 3088 ταύτόν
397 3020 492 3107 ἐμοὶ
484 3048 524 3109 τη
513 3023 721 3142 συγγενείᾳ
739 3018 960 3110 προσήκοντες
979 3020 1161 3112 ἐτύγχανον.

159 3154 191 3208 11
208 3147 254 3213 τφ
243 3120 318 3189 δὲ
340 3117 513 3206 γνώσεσθε
539 3115 656 3208 τοῦθ’,
692 3116 741 3188 ότι
765 3121 886 3242 ἐμολμ
889 3117 967 3192 ἐν’
948 3119 1159 3253 αγχιστεύειν,

208 3195 329 3302 τόῖςδ’
350 3223 537 3302 ἐξέκείνων
559 3172 731 3341 γεγονόσιν
753 3215 815 3289 οὐκ
831 3209 892 3310 ῆν,
918 3227 953 3292 ἐν
970 3251 1001 3292 οι
989 3219 1019 3303 ἷς
1030 3211 1158 3350 μύτοςο

210 3338 287 3444 παῖς
310 3309 371 3410 6v3
398 3316 496 3401 αὐτὸς
522 3315 540 3390 ὁ
563 3318 662 3409 νόμος
682 3317 830 3407 δηλοίσει.
867 3351 903 3392 το
894 3319 1039 3414 Ημέν
998 3351 1062 3414 γαρ
1081 3321 1159 3390 εἶναι

210 3419 271 3508 τήν
293 3417 482 3511 ἀγχιστείαν
504 3418 653 3505 ἀνεψιοῖς
667 3417 751 3541 μρός
769 3419 889 3512 πατρός
906 3427 1000 3516 μέχρι
1016 3418 1158 3547 ἀνεριων

210 3526 341 3591 παίδων
362 3517 567 3611 ὁμολογεῖται
589 3516 678 3613 παρά
700 3541 849 3590 παντων
873 3531 904 3593 εἰ
928 3526 965 3594 δὲ
986 3519 1065 3613 μεθ’
1082 3516 1160 3612 ήμᾶι·
1205 3569 1206 3588 τ
