2442 3948
65 213 89 263 p.
105 198 146 249 44.
268 198 359 250 ΠΕΡΙ
376 198 452 250 ΤΟΤ
469 199 622 251 ΠΤΡΡΟΤ
640 199 802 252 ΚΑΗΡΟΤ.
973 211 1013 272 45

66 373 213 439 δικασίαν
224 365 339 491 όξιρόν
352 382 532 458 ποιεῖσθαι,
550 369 657 453 ἄλλως
673 399 709 441 τε
726 375 780 442 καὶ
795 371 882 461 εί,”
854 401 899 455 ως
908 397 1013 463 φασιν

66 458 161 557 οὗτοι,
178 465 337 558 ήγγνήκει
355 466 459 559 αότήν
476 499 521 565 τῴ
511 467 750 593 Ξενοκλείας
765 481 907 561 γνησίαν
918 470 1013 546 ἄδολ-

65 566 127 656 γῆν
144 560 249 640 οὖσαν
271 565 383 640 αότοό.
421 541 564 661 ἀκριβῶς
586 570 649 662 γὰρ
674 571 937 662 ἐπιστάμεθα’
891 601 1013 658 παντὸς
1030 599 1063 650 59

64 665 107 736 ότι
125 666 281 759 ἀδελφοῖν
291 672 352 760 μὲν
363 669 494 761 κλήρων
506 675 694 742 ἐπιδικασία
704 676 806 743 πᾶσίν
819 669 939 744 ἐστιν’
918 692 1010 765 ημλυ,

64 765 122 862 ότῴ
140 770 232 840 δέ
193 799 281 864 γονῴ
298 769 451 859 γεγόνασι
469 770 597 860 γνήσιοι
614 779 746 861 παῖδες,
770 768 885 844 οόδενί
909 779 1011 846 ἐπιδι-

64 868 212 954 κάζεσθαι
234 875 302 942 τόν
325 871 487 965 πατρῴων
510 871 676 963 προσήκει.
709 875 764 943 καί
787 877 861 964 περὶ
885 874 1012 947 τούτων

64 965 181 1041 υόδένα
197 971 298 1060 λόγον
310 977 471 1062 λεχθῆναι
490 979 556 1042 δεῖ·
582 971 725 1054 ἅπαντες
735 972 799 1065 γὰρ
808 970 905 1064 ὑμεῖς
928 976 933 1061 1
956 972 1029 1048 καί

65 1075 95 1138 οί
108 1069 195 1144 ἄλλοι
212 1083 342 1144 πολῖται
359 1070 534 1144 όνεπίδικα
552 1081 661 1163 έχουσι
677 1070 717 1144 τό
735 1067 862 1146 έαυτῴν
881 1079 1010 1148 ἕκαστοι

66 1177 197 1265 πατρῴα.
236 1163 329 1245 οὗτοι
350 1183 468 1245 ’τοίνυν
495 1182 542 1256 είς
565 1178 662 1244 τοῦτο
689 1172 809 1264 τόλμης
837 1173 1011 1266 ἀφιγμένοι
1028 1205 1061 1257 οη

66 1279 157 1362 είσίν,
181 1271 265 1344 ὥστε
288 1279 335 1368 τῴ
356 1277 418 1365 μὲν
443 1274 617 1369 είσποιήτῴ
639 1271 701 1346 οὐκ
718 1282 849 1364 ἔφασαν
865 1277 1010 1347 ἐπιδικά-

64 1386 178 1444 σασθαι
201 1374 381 1468 προσήκειν
405 1380 474 1446 τῶν
496 1379 683 1465 δοθέντων,
710 1379 753 1466 τῆ
776 1377 813 1445 δὲ
837 1385 939 1466 Φίλη,
968 1374 1011 1466 ῆν

65 1497 138 1558 φασι
158 1479 328 1567 θυγατέρα
350 1485 492 1564 γνησίαν
520 1481 567 1568 τῴ
587 1475 714 1570 Πόρρῴ
741 1486 1009 1566 καταλελεῖφθαι,

65 1581 167 1662 λαχεῖν
189 1581 250 1648 τοῦ
267 1575 390 1666 κλήρου
407 1581 469 1647 του
484 1576 640 1670 πατρῴου
662 1575 723 1666 τήν
745 1581 837 1666 λῆξιν
854 1571 1008 1667 ῆξίωσαν.

65 1685 160 1746 καίτοι
177 1673 275 1767 (ὅπερ
288 1678 382 1748 εἷπον
400 1681 455 1747 καὶ
467 1677 641 1767 πρότερον)
658 1675 728 1748 ὅσοι
745 1679 807 1766 μὲν
819 1673 861 1749 όν
879 1689 1009 1750 καταλί-

14 1843 15 1846 ,
65 1796 141 1846 πωσι
162 1786 320 1866 γνησίους
342 1783 464 1858 παῖδας
488 1781 519 1862 ἐξ
544 1774 671 1866 αὑτων,
700 1775 740 1848 οό
762 1777 918 1870 προσήκει
941 1798 1010 1861 τοῖς

65 1879 168 1947 παισίν
183 1878 439 1949 ἐπιδικάσασθαι
455 1882 522 1949 των
539 1876 714 1971 πατρῴων·
742 1875 812 1949 ὅσοι
837 1880 874 1948 δὲ
893 1879 1008 1968 διαθή-

66 2001 128 2058 καις
154 1975 266 2062 αὐτοῖς
290 1978 528 2069 είσποιοόνται,
555 1996 624 2073 τοῖς
655 1982 742 2059 υίοῑς
765 1977 1009 2063 ἐπιδικάζεσθαι

67 2078 209 2167 προσήκει
226 2083 294 2150 τεόν
313 2083 490 2152 δοθέντων.
523 2097 591 2162 τοῖς
608 2080 670 2169 μὲν
685 2077 765 2169 γάρ,
783 2075 833 2148 ότι
850 2078 939 2172 γόνῳ
956 2100 1009 2168 γε·
1026 2109 1058 2161 61

67 2176 204 2270 γόνασιν,
229 2177 342 2262 οὐδεὶς
365 2175 408 2251 όν
432 2179 539 2269 δήπου
562 2177 820 2272 ἀμφισβητήσειε
843 2183 919 2271 περὶ
941 2186 1009 2253 τοῖν

68 2279 229 2373 πατρῴων·
257 2279 337 2372 πρὸς
356 2279 480 2363 δὲτοός
498 2281 702 2370 είσποιήτους
718 2277 860 2362 ἅπαντες
878 2286 913 2352 οί
926 2280 1009 2353 κατὰ

68 2381 147 2462 γένος
158 2381 378 2472 προσήκοντες
390 2379 610 2471 ἀμφισβητεῖν
626 2379 782 2464 ἀξιοῦσιν.
809 2387 866 2451 ἵνα
883 2373 947 2452 οὖν
963 2379 1008 2471 μή

69 2479 142 2569 παρὰ
156 2486 218 2553 τοῦ
241 2481 431 2573 ἐντυχόντος
447 2487 516 2553 των
531 2481 662 2572 κλήρων
685 2485 722 2549 ιιί
741 2480 846 2569 λήξεις
863 2497 931 2562 τοῖς
948 2479 1007 2572 ἆμ-

69 2590 228 2671 ηισβητείν
245 2586 456 2673 βουλομένοις
473 2590 666 2671 γίγνωνται,
685 2582 740 2650 καί
757 2578 802 2669 μή
820 2575 864 2661 ὡς
878 2581 1008 2670 ἐρήμων

68 2685 122 2750 τόν
147 2682 278 2800 κλήρων
308 2681 555 2766 ἐπιδικάζεσθαί
580 2707 667 2760 τινες
696 2683 854 2800 τολμῴσι,
889 2679 1008 2752 τούτου

69 2781 150 2854 ἕνεκα
171 2782 230 2865 τὰς
254 2788 459 2906 έπιδικασίας
481 2787 515 2854 οί
535 2788 713 2868 ἐίσποίητοι
736 2779 856 2862 πάντες
873 2807 1006 2853 ποιουν·

68 2909 117 2951 ται.
147 2875 328 2975 μηδείς
285 2912 348 2954 ουν
371 2878 468 2974 όμῴν
491 2879 654 2980 ῆγείσθω,
679 2889 709 2952 εί
726 2880 850 2971 ἐνόμιζε
866 2893 966 2972 γνησί
965 2913 1007 2956 αν
1024 2912 1057 2964 62

70 2980 140 3054 εἶναι
155 2984 216 3074 τήν
235 2988 356 3058 ἑαυτοῦ
371 3001 513 3073 γυναῖκα
530 2986 709 3070 Ξενοκλῆς,
733 2992 846 3072 λαχεῖν
863 3012 905 3055 αν
921 2980 1006 3073 ὑπὲρ

70 3079 155 3173 αὐτῆς
171 3084 232 3175 τήν
248 3088 342 3174 λῆξιν
358 3114 417 3156 του
408 3085 558 3175 κλῆρον
574 3087 635 3155 τοῦ
651 3082 820 3176 πατρῴου,
838 3080 912 3155 ἄλλ’
932 3083 1006 3172 ἐβό-

71 3183 178 3267 ίιζεν”
159 3217 199 3258 αν
223 3215 243 3274 η
232 3182 381 3274 ’γνησία
399 3193 446 3267 είς
463 3184 503 3257 τὰ
522 3189 639 3274 ἑαυτῆς
656 3186 823 3279 πατρῴα,
832 3188 886 3255 καί
911 3195 944 3254 εί
956 3213 1005 3266 τις

71 3280 158 3374 αὐτήν
181 3285 340 3378 αφηρεῖτο
363 3315 383 3374 η
408 3285 608 3376 ἐβιόζετο,ἐ
608 3289 706 3372 ξῆγεν
728 3278 770 3353 ἂν
795 3287 830 3352 ἐκ
853 3283 921 3354 τῴν
944 3309 1004 3354 πα·

18 3385 179 3478 τγῴων,
197 3383 310 3459 μαλ’
269 3415 331 3456 ουκ
346 3383 418 3458 ανί
419 3393 491 3469 δίας
508 3385 611 3477 μόνον
629 3389 758 3465 δίκας
740 3404 881 3472 ἔφευγεν
897 3412 915 3453 ο
905 3379 1045 3470 ’βια-

18 3443 20 3586 ἐ
72 3484 194 3578 ίόμενος,
213 3484 295 3558 ἀλλά
312 3491 367 3557 καί
381 3493 520 3580 δημοσίᾳ
539 3484 763 3576 εἰσαγγελθεὶς
775 3480 856 3571 πρός
872 3481 931 3554 τόν
947 3482 1005 3574 ἄρ·

18 3627 21 3660 λ

19 3661 21 3756 ί
