2444 3946
76 242 127 290 02.
146 238 168 288 l.
242 237 332 289 ΠΕΡΙ
350 235 427 288 Tor
443 237 682 290 ΚΛΕΩΝΤΜΟΥ
698 239 865 292 ΚΛΗΡΟΤ
993 243 1032 306 13

76 419 110 482 τί
129 436 205 480 ποτε
236 350 472 499 ἐπανορθώσας
501 413 701 534 κυριωτέρας
730 406 832 492 αυτάς
858 405 966 500 ἡγοῖτ’
990 405 1033 482 ἀν

76 507 220 600 ποιήσαι
238 527 306 591 τοῖς
323 508 386 603 γάρ
403 511 514 594 ἀλλοις
532 502 629 593 οὗτος
641 508 717 603 ὅρος
731 501 882 600 ἐστίν,
855 541 881 582 ω
898 508 1031 604 ἀνδρες,

75 643 141 684 των
163 616 308 704 δωρεῶν.
346 609 417 685 ”Eu
441 616 479 684 δέ
496 617 552 686 καλ
575 624 610 683 εί
622 643 654 682 τι
672 611 882 738 προσγράψαι
904 611 1032 694 τούτοις
1050 637 1082 689 25

77 711 242 802 ἐβούλετο,
268 710 325 784 διά
346 723 382 784 τί
401 711 464 786 οὐκ
488 719 524 786 ἐν
548 717 648 807 ἑτέρῳ
671 713 799 806 γράγας
822 709 907 784 αὐτοὶ
928 741 1030 805 γραμ-

75 822 192 939 ματείω
222 818 413 906 κατέλιπεν,
442 813 555 905 ἐπειδή
585 813 626 886 τά
652 814 826 906 γράμματα
854 813 958 937 παρὰ
963 843 1032 886 των

74 914 240 1008 ἀρχόντων
262 912 324 986 οὐκ
348 917 510 1041 ἐδυνήθη
521 924 652 1005 λαβείνς
675 913 807 988 ἀνελεῖν
824 915 905 1008 γάρ,
930 945 957 986 ω
974 913 1031 986 ἀν-

77 1025 164 1140 δρες,
188 1014 251 1107 οὐχ
272 1013 341 1098 οἷός
363 1015 392 1088 τ’
419 1009 462 1107 ήν
489 1015 568 1090 ἀλλο
591 1034 814 1110 γραμματεῖον
837 1013 859 1106 ή
881 1015 917 1088 τὸ
942 1015 1031 1108 ααρά

75 1123 114 1208 τῇ
134 1115 219 1210 ἀρχη
242 1126 408 1207 κείμενον·
431 1119 557 1212 γράψαι
581 1117 613 1189 δ’
640 1122 715 1207 ἐξήν
739 1127 786 1200 είς
810 1123 922 1210 ἕτερον
947 1129 981 1188 εί
1000 1147 1031 1190 τι

76 1220 240 1310 ἐβούλετο,
264 1223 320 1290 καὶ
337 1219 421 1310 μηδέ
437 1217 535 1294 τοῦθ’
558 1216 639 1310 ήμῐυ
655 1216 944 1310 ἀμφισβητήσιμον
963 1223 1029 1312 έηῖν.

72 1330 113 1392 El
127 1329 245 1392 τοίνυν
256 1324 311 1392 καὶ
329 1326 426 1393 τοῦτο
444 1321 735 1414 συγχωρήσωμεν,
755 1317 799 1402 ὡς
818 1325 942 1402 ἐκεῖνος
955 1324 1031 1392 ἐπα·
1048 1351 1082 1402 26

71 1426 238 1514 νορθιδσαι
256 1418 313 1502 τάς
332 1422 495 1512 διαθήκας
513 1419 684 1512 ἐβούλετο,
703 1426 783 1494 πᾶσι
801 1421 909 1511 δήπου
927 1449 1029 1513 φανε-

72 1522 128 1614 ρὸν
150 1519 233 1613 ὑμῖν
263 1527 350 1596 ἐστιν
379 1523 429 1595 ὅτι
451 1522 513 1595 οὐκ
535 1521 646 1616 ὀρθῶς
670 1520 772 1605 αάτάς
797 1531 885 1614 ἔχειν
906 1519 1027 1612 ἡγεῖτο.

71 1633 173 1694 καίτοι
191 1643 343 1696 σκοπεῖτε
365 1629 421 1695 καὶ
445 1628 605 1698 ἐντεῦθεν
625 1623 687 1714 τήν
710 1621 947 1716 ἀναισχυντίαν
971 1621 1029 1694 αὖ·

71 1729 150 1814 τοῖν,
180 1732 324 1806 οἵτινες
353 1726 474 1808 ταύτας
503 1724 561 1806 τάς
585 1725 748 1814 διαθήκας
771 1723 920 1811 ἀξιοῦσιν
944 1726 1030 1797 εἶναι

70 1834 201 1919 κυρίας,
231 1824 269 1908 ἀς
298 1824 495 1917 ὁμολογοῦσι
512 1824 590 1917 μηδ’
622 1824 724 1898 αὐτὸν
747 1825 805 1900 τδν
830 1831 1030 1917 διαθέμενον

70 1928 196 2017 [ταῦτα]
221 1925 332 2020 ὀρθῶς
355 1936 443 2019 ἐχειν
467 1923 641 2018 ἡγεῖσθαι,
666 1931 720 1998 καὶ
744 1937 922 2000 πείθουσιν
944 1924 1030 2017 ὑμᾶς

70 2033 202 2100 ἐναυτία
232 2033 287 2099 καὶ
311 2048 379 2111 τοῖς
401 2029 513 2120 νόμοις
537 2033 593 2100 καλ
617 2034 664 2123 τῷ
687 2035 806 2122 δικαίῳ
829 2032 885 2100 καὶ
908 2033 950 2120 τή
970 2033 1031 2100 τοῦ

67 2129 332 2220 τετελευτηκότος
355 2129 470 2221 γνωμῃ
489 2140 709 2221 ψηφίσασθαι.
734 2128 805 2202 Ἔτι
822 2139 939 2202 τοίνυν
955 2128 1030 2202 τού-
1048 2148 1080 2197 27

68 2260 132 2302 των
154 2229 313 2302 ἁπάντων
334 2230 565 2314 ἀναιδέστατος
593 2237 661 2304 των
683 2231 792 2322 λόγων
821 2236 927 2321 ἐστίν,
949 2229 1029 2304 ὅταν

67 2338 208 2424 τολμοῐσι
226 2332 335 2422 λέγειν
352 2329 396 2414 οἷς
407 2331 607 2422 Κλεώνυμος
619 2331 720 2405 οὐδέν
737 2331 821 2424 ἡμᾶς
839 2337 907 2404 τοῖν
925 2329 1030 2407 αὑτοῦ

70 2441 182 2521 λαβεῖν
200 2433 365 2522 ἐβούλετο.
394 2443 516 2523 καίτοι,
535 2425 561 2504 ὦ
579 2431 716 2525 ἀνδρες,
740 2444 832 2516 τίνας
850 2430 892 2505 ἀν
909 2433 1029 2515 ἀλλους

70 2539 168 2605 ταῦτα
197 2544 285 2626 ἔχειν
314 2536 482 2624 ἐβουλήθη
510 2539 634 2624 μᾶλλον
663 2531 684 2624 ή
708 2535 862 2623 τούτους,
891 2532 949 2616 οὓς
973 2538 1028 2606 καὶ

72 2641 130 2717 ζεῖν
148 2641 184 2708 ἐκ
201 2641 269 2708 τοῖν
286 2633 393 2707 αὖτού
405 2647 542 2706 πλεῖστα
554 2641 764 2708 τῶνοίκείων
782 2634 919 2725 ὠφέλεις
938 2634 1029 2706 Πάν-
1047 2655 1088 2705 28,

73 2765 133 2807 των
157 2735 189 2808 δ’
210 2733 253 2808 ἀν
278 2749 329 2827 είη
346 2736 641 2827 θαυμασιώτατον,
662 2745 693 2806 ελ
713 2744 950 2827 Κηφίσανδρος
967 2738 1029 2826 μὲν

70 2831 86 2904 ὁ
101 2838 229 2910 τούτων
246 2847 367 2920 οίκεῐος
386 2845 515 2910 δίκαιον
537 2834 649 2927 ἡγεῖτο
674 2838 759 2910 εἶναι
776 2842 872 2928 μέρος
891 2842 1029 2910 ἕκαστον

70 2932 159 3027 ἡμῶν
189 2948 276 3031 ἔχειν
299 2945 357 3030 τής
379 2937 512 3028 οὐσίας,
541 2937 742 3031 Κλεώνυμος
768 2937 801 3010 δ’
825 2937 860 3022 ὃς
876 2931 927 3032 Ιήν
948 2937 1029 3030 ἡμῖν

70 3041 263 3123 οἰκειότατος
287 3045 342 3112 καὶ
366 3037 451 3133 ἡμᾶς
475 3049 521 3123 είς
543 3039 605 3130 τήν
629 3049 738 3112 οἰκίαν
760 3041 821 3131 τήν
845 3038 950 3112 αὑτοῦ
972 3052 1027 3111 λα-

72 3138 138 3224 βεδν
156 3141 339 3233 ἐθεράπευε
357 3145 416 3228 ,καλ
442 3146 628 3232 ἐπεμελεῖτο
644 3148 713 3214 τῶν
731 3139 899 3233 ήμετέρων
917 3139 1027 3232 ὥσπερ

70 3246 135 3312 τοῖν
157 3241 262 3316 αὑτοῦ
284 3242 500 3336 πραγμάτων,
524 3234 620 3325 οὗτος
642 3243 741 3333 μόνος
767 3243 920 3334 ἐβούλετο
943 3238 1027 3331 ἡμᾶς

71 3336 280 3437 ἀκλήρους
250 3373 334 3416 ειυαι
351 3349 418 3415 τοδν
436 3341 548 3416 αυτοῦ.
586 3348 640 3416 καὶ
658 3353 707 3426 τίς
725 3341 767 3416 ἀν
784 3342 879 3436 δμων
896 3341 1028 3413 πιστεύ·
1046 3365 1078 3417 29

72 3463 158 3518 σειεν
175 3443 412 3537 εὐνουστέρους
423 3449 479 3517 καὶ
496 3450 732 3537 μετριωτέρους
744 3445 821 3528 τούς
839 3443 1028 3526 ἀντιδίκους

72 3537 149 3632 ἡμῖν
177 3548 261 3619 εἶναι
290 3576 358 3618 των
386 3546 613 3632 οίαειοτάτωνς
643 3543 797 3617 κάκεινον
821 3550 934 3636 μέν,
923 3573 949 3612 ω
938 3535 1028 3613 καὶ
