2510 3948
343 280 475 339 ΚΑΤΑ
496 281 526 336 Κ
534 280 768 340 ΤΗΣΙΦΩΝ
777 280 875 340 ΤΟΣ.
1014 279 1078 342 145

116 439 281 508 σπεύδων
293 436 323 506 δ’
343 444 448 506 είπεϊν
458 441 533 523 περὶ
544 444 602 524 τής
612 447 809 524 θαυμαστῆς
820 446 1005 527 συμμαχίας
1018 448 1077 525 τῆς

117 546 190 606 τεάν
212 542 385 624 Θηβαίων,
406 534 452 605 ἵν’
476 539 711 624 έφεξήςείπω,
734 540 897 622 περὶτῶν
916 536 1076 624 Εύβοέων

118 645 258 724 πρῶτον
267 637 512 723 μνησθήσομαι.

57 749 97 803 85
203 732 306 853 ’Τμεῑς
316 734 392 822 γάρ,
405 760 430 800 ω
420 725 628 819 ’Ἀθηναίοι,
638 731 744 798 πολλά
756 732 813 799 καλ
823 732 948 817 μεγάλα
959 731 1077 819 ήδικη-

118 829 255 916 μένοι
235 830 300 900 υπδ
320 830 530 916 Μνησάρχου
547 853 608 896 του
596 831 829 914 Χαλκιδέως,
850 836 912 895 τού
929 835 1076 898 Καλλίου

118 931 177 998 καὶ
203 931 463 1015 Ταυροσθένους
484 922 623 1013 πατρὸς,
653 924 712 1006 ούς
733 919 832 1006 οὗτος
852 930 930 996 νυνὶ
950 926 1075 1013 μισθὸν

119 1023 236 1112 λαβὼν
244 1023 445 1112 Ἀθηναίους
459 1023 543 1094 εἶναι
552 1033 656 1114 τολμᾷ
667 1025 820 1113 γράφειν,
832 1029 887 1095 καὶ
898 1027 999 1095 πάλιν
1009 1023 1074 1094 ὑπὸ
1091 1045 1143 1101 479

121 1129 314 1208 Θεμίσωνος
335 1130 396 1190 τοῦ
414 1121 616 1208 Ἐρετριέως,
645 1119 681 1202 ὃς
701 1121 797 1209 ἡμῶν
819 1126 951 1212 εἰρήνης
972 1122 1075 1210 ούσης

117 1218 273 1307 Ὠρωπὸν
299 1220 468 1308 ἀφείλετο,
504 1222 632 1290 τούτων
664 1223 794 1302 ἑκόντες
828 1225 1074 1311 ἐπιλαθόμενοι,

121 1318 235 1406 ἐπειδή
253 1323 411 1407 διέβησαν
428 1326 475 1401 είς
492 1319 644 1409 Εὔβοιαν
662 1329 801 1410 Θηβαῖοι
819 1322 1075 1390 καταδουλωσα-

121 1430 204 1488 σθαι
220 1418 278 1498 τὰς
292 1420 409 1501 ’πόλεις
426 1421 641 1508 πειρώμενοι,
663 1424 700 1490 έν
717 1425 814 1489 πέντε
824 1418 960 1508 ἡμέραις
976 1425 1074 1508 ἐβοη-

121 1517 249 1603 θήσατε
260 1515 371 1596 αύτοίς
382 1520 438 1586 καὶ
449 1520 548 1586 ναυσὶ
559 1520 614 1587 καλ
624 1524 737 1607 πεζικη·
747 1518 904 1606 δυνάμει,
926 1522 982 1588 καλ
994 1522 1074 1605 πρὶν

121 1614 299 1703 τριάκονθ’
328 1613 452 1703 ἡμέρας
478 1620 626 1686 διελθεῖν
647 1614 881 1698 ὑποσπόνδους
907 1627 1073 1707 Θηβαίους

122 1711 283 1800 άφήκατε,
296 1713 407 1799 κύριοι
417 1720 475 1800 τής
483 1709 628 1799 Εὐβοίας
636 1716 820 1803 γενόμενοι,
832 1719 887 1786 καὶ
898 1719 955 1798 τάς
964 1745 999 1788 τε
1010 1719 1074 1788 πά-

120 1823 189 1891 λεις
206 1809 310 1890 αύτάς
326 1813 381 1880 καὶ
398 1810 456 1890 τάς
473 1817 638 1889 πολιτείας
657 1809 795 1880 ἀπέδοτε
817 1812 930 1900 ὀρθῶς
950 1819 1006 1884 καὶ
1022 1821 1073 1884 δι-
1090 1832 1141 1888 λεν

121 1914 225 1986 καίως
243 1922 311 1987 τοῖς
320 1911 663 1995 παρακαταθεμένοις,
681 1907 743 2032 ούχ
752 1907 933 1996 ἡγούμενοι
945 1917 1075 1980 δίκαιον

69 2131 104 2185 86
121 2110 175 2176 καὶ
193 2104 371 2225 τηλικαῦθ’
391 2105 452 2194 ὑφ’
471 2103 568 2195 ύμάν
584 2133 623 2176 ευ
612 2099 848 2189 πεπονθοτες
858 2113 892 2177 oc
900 2113 1074 2188 Χαλκιδεῖς

122 2203 162 2272 ού
182 2201 241 2288 τάς
262 2203 376 2292 ομοίως
400 2205 480 2292 ύμῖν
502 2204 670 2274 άπέδοσαν
690 2205 839 2293 χάριτας,
863 2205 937 2276 άλλ»
959 2206 1071 2294 ἐπειδη

122 2301 254 2388 τάχιστα
265 2306 393 2392 διέβητε
403 2311 449 2384 είς
458 2304 608 2393 Εύβοιαν
616 2306 820 2394 Πλουτάρχῳ
832 2309 1069 2395 βοηθήσοντες,

122 2402 199 2480 τούς
217 2401 278 2488 μέν
294 2403 448 2488 πρύτους
463 2405 606 2491 χρόνους
623 2402 700 2474 ἀλλ’
718 2397 781 2473 ούν
803 2402 1069 2488 προσεποιοῦνθ’

121 2497 201 2586 ύμῖν
212 2499 297 2568 εἶναι
316 2507 424 2587 φίλοι,
447 2500 557 2588 ἐπειδὴ
578 2504 615 2570 δὲ
625 2504 758 2587 τάχιστα
770 2508 816 2580 είς
833 2502 990 2587 Ταμύνας
1004 2526 1071 2571 πα-

121 2600 291 2685 ρήλθομεν
301 2601 357 2667 καὶ
366 2597 404 2666 τδ
416 2600 606 2667 Κοτύλαιον
618 2597 865 2684 ὀνομαζόμενον
876 2598 954 2683 ὅρος
965 2598 1070 2685 ύπερ-

119 2698 318 2785 εβάλλομεν,
336 2700 485 2767 ἐνταῦθα
496 2704 643 2776 Καλλίας
653 2695 671 2764 ὁ
682 2697 883 2784 Χαλκιδεύς,
900 2695 1070 2786 δυΔημο-

70 2819 102 2874 87
118 2798 241 2883 σθένης
255 2795 382 2884 μισθδν
400 2797 513 2884 λαβύν
524 2801 756 2883 ἐνεκωμίαζεν,
779 2794 870 2884 ὁρῶν
881 2795 917 2868 τύ
931 2799 1070 2886 στρατό-

118 2901 221 2966 πεδον
231 2896 268 2966 τὸ
285 2905 344 2985 τῆς
359 2899 487 2977 πόλεως
503 2907 550 2978 είς
563 2923 655 2978 τινας
664 2901 847 2985 δυσχωρίας
857 2905 1067 2984 κατακεκλη-

118 3001 236 3082 μένου,
260 2995 345 3065 ύθευ
359 2996 404 3085 μή
422 2998 579 3084 νικήσασι
595 2996 704 3085 μάχην
720 2994 782 3065 ούκ
798 2988 843 3084 ήν
864 2995 1069 3082 άναχιάρησις

119 3093 196 3164 οὐδὲ
203 3103 362 3183 βοηθείας
372 3099 462 3175 έλπλς
473 3094 539 3164 οὔτ’
553 3099 588 3165 ἐκ
598 3106 658 3182 γῆς
669 3093 737 3164 οὔτ’
748 3099 785 3164 έιι
795 3094 973 3180 θαλάττης,
985 3113 1069 3162 συν-
1085 3107 1133 3164 481
1236 3093 1237 3108 ’

120 3201 251 3280 αγείρας
284 3199 317 3276 έξ
350 3192 478 3282 ἁπάσης
504 3203 561 3282 τής
587 3193 733 3281 Εὐβοίας
762 3192 986 3276 στρατόπεδον
1013 3195 1069 3260 καὶ

119 3290 207 3379 παρὰ
227 3297 396 3360 Φιλίππου
414 3293 559 3379 δύναμιν
580 3290 977 3407 προσμεταπεμψάμενος,
999 3289 1018 3357 ὅ
1037 3288 1066 3357 τ’

118 3387 262 3477 άδελφδς
285 3389 392 3458 αὐτοῦ
414 3392 668 3477 Ταυροσθένης,
698 3385 812 3456 δυυνλ
836 3387 961 3466 πάντας
983 3391 1069 3468 δεξ

119 3490 258 3639 ούμένος
274 3492 329 3558 καὶ
346 3498 557 3577 προσγελῶν,
580 3488 660 3568 τούς
678 3485 851 3564 Φωκικούς
869 3487 983 3636 ξΙέὸιους
995 3490 1068 3554 δια-

202 3601 317 3640 scfflNEs.
