2510 3948
337 227 461 285 ΚΑΤΑ
482 229 863 292 ΚΤΗΣΙΦΩΝΤΟΣ.
1013 233 1074 298 161

121 383 191 474 άρα
210 393 348 473 Θηβαλοι
366 384 429 473 τήν
445 393 631 473 συμμαχίαν
647 386 727 474 ὑμῖν
745 391 943 479 ἐποιήσαντο
960 393 1002 461 οὐ
1019 395 1074 462 διά

121 481 185 551 τὸν
195 482 330 571 καιρὸν,
349 481 391 551 οὐ
402 480 455 550 διά
466 482 526 550 τὸν
537 485 647 570 φόβον
658 482 717 553 τδν
728 488 927 573 περιστάντα
938 488 1072 577 αὐτοὺς,

24 593 102 650 138
120 580 166 651 οὐ
178 580 232 650 διά
249 581 311 668 τήν
324 579 488 668 ὑμετέραν
505 581 623 668 δόξαν,
645 579 729 649 άλλά
748 581 802 650 διά
820 585 878 662 τὰς
892 591 1074 673 Δημοσθέ-

109 709 206 762 νους
223 687 431 769 δημηγορίας.
464 685 571 748 καίτοι
587 677 711 759 πολλάς
728 679 789 765 μὲν
807 681 971 767 πρότερον
993 708 1075 770 πρε·
1090 714 1139 769 531

121 785 236 866 σβείας
246 782 471 865 ἐπρέσβευσαν
483 783 528 856 είς
536 777 647 864 Θήβας
655 781 689 846 ολ
697 777 837 863 μάλιστα
846 784 977 858 οίκείως
987 784 1073 850 ἐκεί-

121 903 195 956 νοις
206 880 421 968 διακείμενοι,
444 883 573 960 πρῶτος
583 875 645 960 μὲν
659 875 897 961 Θρασύβουλος
908 873 926 942 ὁ
938 882 1072 944 Κολλυ-

121 974 209 1062 τεὺς,
221 972 307 1062 άνήρ
319 977 355 1042 ἐν
362 974 488 1060 Θήβαις
499 974 688 1052 πιστευθεὶς
699 970 744 1052 ὥς
755 971 863 1052 οὐδεὶς
873 974 994 1060 ἕτερος,
1007 974 1072 1042 πά-

122 1086 179 1142 λιν
188 1073 332 1157 Θράσων
345 1069 530 1158 ὁἘρχιεύς,
548 1071 708 1157 πρόξενος
720 1065 769 1138 &v
781 1078 953 1160 Θηβαίοις,
975 1079 1071 1140 Λεω-

33 1181 100 1237 139
119 1170 227 1256 δάμας
247 1166 266 1238 ὁ
282 1168 471 1256 Ἀχαρνεὺς,
501 1168 562 1255 οὐχ
581 1161 681 1256 ήττον
700 1171 943 1256 Δημοσθένους
964 1175 1071 1257 λέγειν

121 1267 324 1355 δυνάμενος,
347 1265 417 1336 ἀλλ’
428 1265 538 1355 ἔμοιγε
554 1269 610 1334 καὶ
619 1263 740 1354 ήδίων,
762 1265 1069 1356 ἈρχέδημοςὸΠή-

119 1369 196 1452 ληξ,
220 1367 275 1433 καὶ
292 1366 433 1445 δυνατὸς
449 1372 553 1434 είπελν
565 1367 621 1433 καὶ
632 1361 738 1432 πολλά
755 1365 1022 1444 κεκινδυνευκὼς
1033 1369 1069 1434 ἐν
1087 1398 1138 1454 532

120 1475 162 1556 τῇ
184 1471 329 1555 πολιτεία
352 1462 405 1532 διά
426 1472 608 1552 Θηβαίους,
627 1463 832 1551 Ἀριστοφῶν
853 1463 871 1534 ὁ
894 1463 1068 1554 Ἀζηνιεὺς,

120 1572 274 1632 πλεῖστον
283 1561 407 1649 χρόνον
428 1560 491 1648 τήν
511 1569 572 1630 τοῦ
594 1563 797 1648 βοιωτιάζειν
815 1559 995 1651 ὑπομείνας
1016 1571 1069 1634 αί-

120 1670 211 1750 τίαν,
222 1657 736 1749 ΠάρρανδροςὸἈναφλύστιος,
749 1659 786 1741 ὃς
804 1667 851 1730 ἐτι
867 1665 922 1732 καὶ
938 1672 1004 1732 νῦν
1021 1669 1068 1751 ζῇ.

120 1759 189 1829 ἀλλ’
203 1760 292 1847 ὅμως
310 1758 418 1838 οὐδεὶς
433 1759 563 1827 πώποτε
581 1756 704 1838 αὐτους
720 1760 868 1848 ἐδυνήθη
881 1766 1070 1850 προτρέψα-

119 1869 203 1926 σθαι
216 1863 262 1937 είς
272 1855 335 1944 τήν
346 1854 508 1943 ὑμετέραν
525 1863 648 1942 φιλίαν.
681 1854 718 1924 τδ
737 1855 770 1924 δ’
782 1867 889 1927 αίτιον
905 1859 979 1928 ολδα
995 1859 1066 1944 μὲν,

43 1970 102 2025 140
120 1961 233 2042 λέγειν
250 1952 282 2024 δ’
295 1953 395 2024 οὐδὲν
411 1957 525 2041 δέομαι
541 1953 595 2023 διά
607 1953 666 2035 τάς
682 1955 815 2043 άτυχίας
830 1952 951 2026 αὐτῶν.
986 1953 1067 2043 ἀλλ’,

120 2054 229 2142 οἶμαι,
252 2052 362 2141 ἐπειδή
383 2060 545 2134 Φίλιππος
567 2053 680 2122 αὐτῶν
701 2053 906 2142 άφελόμενος
922 2061 1068 2124 Νίκαιαν

122 2161 297 2232 Θετταλοῖς
311 2156 498 2240 παρέδωκε,
519 2153 574 2220 καλ
590 2149 651 2221 τδν
667 2153 829 2239 πόλεμον,
853 2148 894 2221 ὃν
904 2153 1068 2240 πρότερον

121 2249 279 2338 ἐξήλασεν
300 2252 337 2318 ἐκ
358 2258 415 2342 τῆς
430 2250 541 2336 χώρας
557 2257 616 2335 τῆς
631 2257 804 2336 Βοιωτῶν,
825 2256 946 2318 τοῦτον
967 2251 1068 2319 πάλιν

121 2349 182 2418 τὸν
192 2347 297 2417 αὐτὸν
314 2351 459 2436 πόλεμον
476 2350 620 2435 ἐπήγαγε
637 2347 692 2416 διά
709 2356 767 2434 τής
777 2351 928 2424 Φωκίδος
940 2345 990 2444 ἐπ’
1004 2345 1068 2413 αὐ-

120 2446 177 2528 τάς
187 2447 245 2527 τάς
258 2446 386 2532 Θήβας,
408 2448 464 2514 καὶ
481 2443 518 2512 τό
534 2454 725 2513 τελευταῖον
738 2443 905 2512 Ἐλάτειαν
921 2452 1067 2512 καταλα-

122 2544 192 2632 βών
204 2543 392 2630 ἐχαράκωσε
402 2543 458 2608 καὶ
469 2541 625 2626 φρουράν
637 2541 825 2627 εἰσήγαγεν,
845 2538 978 2608 ἐνταῦθ’
990 2540 1065 2629 ήδη,

121 2645 190 2710 ἐπεὶ
204 2640 241 2709 τό
252 2638 365 2720 δεινὸν
377 2636 489 2706 αὐτοῖν
498 2635 635 2725 ἥπτετο,
654 2641 901 2724 μετεπέμψαντο
911 2637 1066 2726 Ἀθηναί-

121 2766 194 2824 ονς,
216 2741 272 2807 καὶ
282 2735 375 2826 ὑμεῖς
390 2737 544 2822 ἐξήλθετε
560 2737 615 2804 καὶ
627 2736 764 2822 είσήειτε
782 2742 827 2815 είς
837 2733 895 2814 τὰς
907 2737 1019 2823 Θήβας
1028 2741 1066 2806 ἐν

119 2851 187 2917 τοῖς
199 2835 314 2922 ὅπλοις
324 2838 610 2920 διεσκευασμένοι,
628 2837 685 2902 καὶ
696 2839 730 2902 ολ
737 2839 845 2914 ίππεῑς
855 2836 911 2904 καλ
923 2839 956 2904 ολ
965 2835 1063 2918 πεζοί,

119 2939 199 3021 πρὶν
217 2937 293 3020 περὶ
316 2940 500 3022 συμμαχίας
521 2940 601 3019 μίαν
621 2932 728 3022 μάνην
749 2935 919 3022 συλλαβήν
939 2936 1064 3022 γράψαι

53 3059 102 3112 141
117 3039 352 3121 Δημοσθένην.
374 3031 435 3103 ὁδ’
448 3033 590 3120 εἰσάγων
599 3026 643 3121 ήν
654 3031 739 3121 ’ὑμᾶς
749 3039 795 3113 είς
802 3029 860 3110 τάς
868 3032 980 3118 Θήβας
990 3058 1065 3098 και-
1079 3053 1131 3108 533

119 3132 177 3218 ρδς
193 3136 250 3201 καὶ
265 3133 372 3219 φόβος
387 3134 444 3201 καὶ
467 3139 558 3218 χρεία
577 3137 776 3219 συμμαχίας,
799 3127 866 3198 ἀλλ’
887 3128 928 3198 οὐ
946 3141 1063 3218 Δημο-

118 3232 260 3316 σθένης,
278 3230 346 3296 ἐπεὶ
357 3235 435 3311 περί
448 3254 485 3313 γε
495 3229 617 3308 ταύτας
626 3227 686 3308 τὰς
696 3228 829 3315 πράξεις
839 3233 916 3309 τρία
923 3225 963 3294 τὰ
976 3227 1059 3294 πάν-

117 3349 186 3392 των
197 3328 333 3412 μέγιστα
342 3327 564 3410 Δημοσθένης
574 3330 620 3403 είς
630 3322 718 3408 ὑμᾶς
728 3324 945 3408 ἐξημάρτηκε,
969 3329 1063 3410 πρῶ-

116 3449 177 3492 τον
193 3424 270 3508 μὲν,
292 3419 344 3490 ὅτι
355 3427 523 3490 Φιλίππου
538 3430 587 3510 τῷ
603 3421 664 3507 μὲν
681 3417 820 3505 ὀνόματι
838 3427 1062 3508 πολεμοῦντος

158 3518 318 3572 Ακεοττοττε.
436 3515 441 3524 ’
