2510 3948
165 185 229 250 184
519 190 777 250 ΑΙΣΧΙΝΟῬ

96 360 148 416 606
164 355 251 433 δησε
267 348 322 414 καὶ
340 349 505 432 ἐκείρατο,
528 349 581 416 ἐπὶ
603 347 733 426 τούτοις
756 348 811 436 ἐμὲ
831 359 1118 436 στεφανοῦσθαι.“
1232 390 1235 412 ι

1229 312 1235 370 ί

167 442 243 512 ἀλλ’
259 443 365 530 οἶμαι,
388 449 492 512 ταῦτα
505 444 566 530 μὲν
583 440 628 512 ῶν
638 442 820 533 εδποιάνῆρ
832 446 939 527 ὄντος
949 451 1118 537 βεβιωκώς
1235 468 1239 531 J

165 539 234 627 μετ’
248 539 381 626 άρετῆς·
402 537 426 609 δι’
443 540 480 610 δὲ
495 539 539 610 σύ
554 546 671 628 λέξεις,
693 553 779 612 είτοι
797 539 841 612 ύν
851 544 1015 633 κάθαρμα
1026 553 1118 632 ξηλο-
1235 546 1238 573 ⁴

166 644 296 706 τυποῦν
312 635 442 726 ἀρετήν,
466 637 507 707 ού
524 638 588 724 γάρ
606 638 646 726 δὴ
664 638 709 726 μόι
726 640 785 709 τόν
794 639 958 726 Ἡρακλέα
971 643 1069 712 τοῦτό
1077 670 1115 730 γε
1131 659 1190 714 212

164 732 261 822 ὑμῶν
274 734 384 816 ούδελς
394 738 592 824 φοβήσεται,
614 735 659 824 μὴ
671 735 690 806 ὁ
700 741 940 826 Δημοσθένης,
960 739 1048 826 άνὴρ
1057 767 1113 826 με-

164 837 353 923 γαλόψνχος
362 837 417 904 καὶ
428 836 469 904 τά
480 838 640 923 πολεμικά
652 842 837 926 διαφέρων,
859 836 1040 925 άποτνχῶν
1049 849 1115 908 τῶν
1247 891 1248 932 ,

94 952 145 1008 σαί
163 936 336 1022 ἀριστείων
353 938 466 1003 οίκαδε
483 935 680 1005 ἐπανελδῶν
697 937 816 1006 ἑαυτὸν
829 936 1061 1024 διαχρήσηται·
1081 935 1115 1018 ὃς

164 1042 325 1101 τοσοῦτον
340 1042 505 1123 καταγελᾷ
522 1042 580 1121 τῆς
595 1033 680 1119 πρός
696 1032 784 1122 ὑμᾶς
804 1041 1009 1121 φιλοτιμίας,
1034 1033 1116 1102 ῶστε
1247 1045 1248 1078 ³

94 1153 147 1208 ως
162 1130 224 1218 τὴν
234 1129 359 1218 μιαρόν
368 1130 520 1218 κεφαλὴν
529 1132 654 1217 ταύτην
663 1133 718 1200 καί
728 1129 943 1215 ὑπεύθυνον,
961 1129 1005 1217 ἣν
1017 1124 1116 1210 οὗτος
1247 1185 1248 1194 ,

163 1229 253 1319 παρὰ
263 1228 343 1311 τούς
351 1231 476 1317 νόμους
485 1234 631 1317 γέγραφε
642 1238 868 1317 στεφανῶσαι,
888 1229 1040 1316 μυριάκις
1048 1255 1129 1306 κα-,

163 1338 340 1420 τατέτμηκε
355 1335 411 1401 καί
427 1332 556 1402 τούτων
572 1329 716 1417 μισθούς
733 1340 846 1416 εἴληφε
868 1329 1052 1414 τραύματος
1073 1330 1111 1394 ἐκ

163 1437 321 1519 προνοίας
330 1431 462 1520 γραφάς
471 1429 691 1515 γραφόμενος,
703 1430 757 1498 καὶ
767 1425 1114 1508 κατακεκονδύλισται,

164 1527 247 1596 ῶστε
263 1525 368 1595 αύτὸν
386 1526 524 1612 οἶμαιτὰ
536 1535 606 1594 τῶν
617 1526 792 1597 κονδύλων
803 1535 876 1612 ι’χνη
887 1531 957 1592 τῶν
967 1527 1114 1591 Μειδίου

163 1633 248 1713 ἐχειν
258 1631 306 1694 ἐτι
314 1626 446 1712 φανερά
455 1649 462 1663 ·
484 1622 578 1711 ὁγὰρ
590 1624 771 1712 ἄνθρωπος
782 1622 824 1694 ού
837 1621 1005 1710 κεφαλὴν,
1029 1623 1115 1691 ἀλλά
1247 1683 1248 1710 3

161 1723 329 1808 πρόσοδον
343 1731 502 1810 κέκτηται.
712 1771 715 1774 -

93 1843 144 1899 εον
243 1825 327 1907 Περὶ
348 1822 384 1891 δέ
400 1829 637 1909 Κτησιφῶντος
653 1829 715 1891 τοῦ
731 1820 921 1907 γράψαντος
941 1817 1005 1906 τὴν
1022 1819 1115 1903 γνῶ-
1133 1829 1182 1886 21³

161 1947 228 2007 μην
243 1924 367 2007 βραχέα
383 1921 548 2007 βούλομαι
563 1926 681 2002 είπείν,
703 1916 744 1986 τά
756 1919 792 1987 δὲ
803 1913 909 1986 πολλὰ
921 1913 1115 2003 ὑπερβήσο-

160 2043 228 2101 μαι,
239 2021 296 2083 ῗνα
306 2021 361 2085 καὶ
372 2031 491 2101 πείραν
500 2018 603 2104 λάβοι,
616 2021 646 2084 εί
655 2016 805 2084 δύνασθε
815 2011 894 2093 τούς
904 2013 1038 2099 σφόδρα
1049 2039 1111 2080 πο-

161 2112 301 2198 νηρούς,
319 2111 385 2180 κάν
394 2117 441 2202 μή
450 2143 498 2194 τις
508 2113 666 2202 προείπη,
685 2109 988 2199 διαγιγνῶσκειν··ὃ
999 2110 1029 2178 δ’
1042 2113 1110 2180 ἐστὶ

161 2207 277 2278 κοινόν
287 2210 342 2276 καὶ
354 2214 484 2278 δίκαιον
495 2211 570 2278 κατ’
581 2209 780 2297 ἀμφοτέρων
791 2209 903 2278 αὐτῶν
914 2208 1113 2296 ἀπαγγεῖλαι

160 2307 245 2396 πρός
260 2303 364 2393 ὑμᾶς,
384 2307 477 2376 τοῦτ’
493 2311 568 2395 ἐρῶ.
591 2312 818 2394 περιέρχονται
828 2307 892 2394 γάρ
908 2305 971 2394 τὴν
982 2306 1113 2395 ύγοράν

159 2407 295 2496 ἀληθείς
315 2405 389 2476 κατ’
412 2407 566 2496 ἀλλήλων
586 2412 715 2494 ἔχοντες
735 2407 831 2488 δόξας
852 2409 907 2475 καί
930 2405 1053 2492 λόγους
1070 2404 1114 2473 ού

157 2513 290 2588 ψευδεῖς
309 2511 469 2592 λέγοντες.
495 2505 512 2576 ό
534 2507 595 2594 μεν
616 2505 680 2594 γὰρ
701 2513 883 2593 Κτησιφῶν
904 2501 945 2573 ού
964 2505 1003 2572 τό
1024 2500 1111 2571 καθ’
1132 2524 1182 2578 214

158 2605 278 2674 ἑαυτόν
295 2628 377 2692 φησι
394 2614 589 2694 φοβεῖσθαι,
611 2609 751 2688 ἐλπίζειν
767 2603 833 2694 γάρ
851 2605 959 2685 δόξειν
977 2603 1112 2690 ίδιῶτης

157 2705 257 2792 εἶναι,
281 2703 365 2776 ύλλόι
380 2703 443 2791 τὴν
454 2714 516 2774 τοῦ
526 2710 770 2794 Δημοσθένους
780 2707 818 2774 ἐν
828 2711 871 2791 τῇ
882 2709 1027 2791 πολιτεία
1041 2707 1110 2770 δω-

157 2808 316 2891 ροδοκίαν
336 2807 419 2888 φησί
437 2811 617 2892 φοβεῖσθαι
633 2808 688 2874 καὶ
702 2803 764 2890 τὴν
779 2807 959 2890 ἐμπληξίαν
969 2803 1023 2872 καὶ
1037 2805 1107 2868 δει-

156 2909 244 2972 λίαν·
256 2897 274 2968 ό
288 2900 324 2968 δὲ
335 2897 557 2988 Δημοσθένης
567 2909 612 2982 είς
623 2901 728 2971 αὑτὸν
737 2902 799 2987 μὲν
809 2899 1007 2989 ἀποβλέπον
1015 2908 1105 2980 θαρ-

85 3021 138 3077 ειο
155 3015 228 3086 ρείν
248 3020 369 3086 φησιν,
390 2998 453 3086 τὴν
477 3002 514 3066 δὲ
529 3009 592 3068 τοῦ
606 3009 844 3088 Κτησιφῶντος
864 3007 1029 3087 πονηρίαν
1050 2998 1107 3086 μαὶ

154 3104 401 3184 πορνοβοσκίαν
414 3103 556 3184 ίσχνρῶς
572 3103 725 3168 δεδιέναι.
748 3097 826 3178 τούς
837 3098 872 3168 δέ
884 3097 923 3186 δὴ
936 3122 1108 3184 κατεγνῶ-

152 3195 253 3275 κότας
264 3193 416 3282 ἀλλήλοιν
428 3195 555 3265 όδικεῑν
565 3201 723 3284 μηδαμῶς
733 3196 826 3285 ὑμεῖς
838 3200 872 3266 οί
879 3197 985 3266 κοινοὶ
997 3196 1108 3282 κριταί

152 3303 221 3363 τῶν
232 3295 446 3382 ἐγκλημάτων
455 3292 652 3382 ἀπολύσητε.

235 3394 320 3478 Περὶ
336 3393 372 3461 δὲ
385 3400 453 3461 τῶν
469 3399 515 3472 είς
530 3390 675 3479 ἐμαυτόν
690 3398 867 3480 λοιδοριῶν
882 3395 1007 3479 βραχέα
1018 3389 1100 3478 βού-
1126 3399 1176 3454 215
1247 3419 1248 3482 3
