2474 3946
281 298 405 356 ΠΕΡΙ
421 297 856 355 ΠΑΡΑΠΡΕΣΒΕΙΑΣ.
1007 295 1047 360 81

92 454 272 544 Ἀθηναῖοι,
285 453 340 543 ὑφ’
355 448 404 525 οὑν
414 458 610 541 ἐξελέγχεται
620 459 842 542 Δημοσθένης
853 482 911 535 τας
920 453 1049 542 άπούη-

92 555 224 641 μούσας
234 561 408 642 πρεσβείας
418 556 587 640 ἐπιδημεῖν
598 552 755 637 φάσκων,
767 555 821 620 καί
832 557 1047 641 βουλομένων

91 650 190 740 ὑμῶν
207 651 439 740 ἀκροάσασθαι
448 650 486 721 τύ
497 658 565 720 τοῖν
577 651 760 736 συμμάχων
770 649 898 736 άκυρου
909 674 1048 739 πεποιη-

91 751 161 829 κύς
172 750 287 836 δόγμα.
308 745 1048 837 οίμλνγάράπεφήναντοάυαμεῖναιτήνπόλιν
1063 766 1116 820 242

93 847 347 936 τάςἙλληνικάς
358 855 542 936 πρεσβείας,
552 849 773 934 Δημοσθένης
785 845 822 914 δὲ
833 845 874 916 ού
884 844 972 936 λόγῳ
984 846 1047 934 μό-

93 971 159 1016 νον
168 948 336 1017 κεκώλυκε
347 961 547 1034 περιμεῖναι,
559 943 576 1013 ὁ
588 945 723 1013 πάντων
737 945 946 1031 αῖσχιστακαλ
956 944 1047 1029 τάχι-

95 1066 159 1112 στα
169 1048 433 1132 μετατιθέμενος,
447 1041 516 1115 ἀλλ’
527 1049 612 1131 ἐργμ
627 1045 682 1112 καὶ
692 1049 886 1130 ψηφίσματι,
900 1042 1047 1132 προστά-

94 1147 152 1223 ξας
161 1142 224 1231 ήδη
236 1150 491 1231 βεβουλεῦσθαι.
559 1213 561 1220 ,

41 1255 78 1310 6³
182 1249 305 1328 Εἰρηκε
322 1241 373 1327 δὲ,
396 1237 440 1320 ὥς
456 1243 494 1310 ἐν
509 1247 549 1328 τῇ
561 1240 704 1327 προτέρη
713 1245 783 1306 τεόν
792 1241 975 1324 ἐκκλησιῶν
986 1241 1046 1324 δη-

94 1337 347 1425 μηγορήσαντος
358 1338 585 1424 Φιλοκράτους
596 1335 739 1422 ὕστερον
755 1333 882 1422 άναβάς
903 1334 967 1420 ἐγεὺ
984 1360 1045 1402 κα-

95 1436 312 1524 τεμεμψάμην
320 1434 363 1524 ἢν
375 1442 534 1524 εἰσηγεῖτο
545 1439 668 1514 ἐκεῖνος
678 1434 831 1522 εἰρήνην,
841 1430 981 1519 αἰσχράν
991 1434 1045 1499 καὶ

95 1541 156 1619 τῆς
166 1535 291 1615 πόλεως
302 1534 440 1616 άυαξίαν
450 1533 535 1602 εἶναι
544 1535 700 1621 φάσκων,
716 1540 756 1622 τή
769 1530 800 1600 θ’
812 1529 969 1620 ὑστεραία
980 1530 1046 1598 πά-

95 1641 153 1700 λιν
159 1630 282 1724 [ἡμέρην]
291 1629 334 1712 άς
351 1633 608 1718 συναγορεύοιμι
623 1640 669 1722 τῷ
683 1632 891 1717 Φιλοκράτει,
914 1631 970 1698 καὶ
986 1627 1048 1715 τήν

94 1733 275 1817 ἐκκλησίαν
295 1728 498 1817 εὐημερήσας
520 1727 653 1819 ᾠχόμην
675 1733 798 1816 φέρων,
820 1736 948 1798 πείθων
962 1724 1048 1814 ὑμᾶς

94 1828 140 1915 μὴ
154 1828 328 1912 προσέχειν
344 1841 412 1907 τοῖς
422 1826 480 1907 τὰς
492 1828 596 1914 μάχας
607 1829 662 1895 καί
673 1826 714 1894 τά
724 1834 792 1895 τῶν
803 1829 981 1914 προγόνων
992 1830 1048 1894 λε’-

46 1951 82 2004 64
93 1945 196 2013 γουσι
212 1925 368 2013 τρόπαια,
389 1926 471 2014 μηδὲ
486 1941 553 2006 τοῖς
561 1926 696 2014 Ἕλλησι
711 1934 860 2014 βοηθεῖν.
892 1926 942 1994 ὅτι
961 1923 991 1993 θ’
1006 1922 1048 1993 ού

96 2029 206 2110 ψευδῆ
223 2024 330 2111 μόνον
347 2026 573 2112 κατηγόρηκεν
579 2077 588 2110 ,
613 2023 696 2094 άλλύ
711 2027 766 2093 ’καί
784 2023 933 2092 άδύνατα
953 2026 1049 2109 γενέ·
1064 2043 1117 2099 243

96 2136 189 2209 σθαι,
212 2129 292 2210 μίαν
301 2125 361 2211 μὲν
372 2122 473 2204 αύτός
483 2121 558 2194 καθ’
571 2123 678 2193 αὑτοῦ
687 2125 909 2211 Δημοσθένης
919 2148 1046 2210 μαρτυ-

97 2229 173 2306 ρίαν
183 2221 400 2309 μαρτυρήσει,
411 2223 524 2308 ἑτέραν
534 2222 571 2291 δέ
581 2221 702 2303 πάντες
712 2221 878 2309 Ἀθηναῖοι
888 2223 943 2290 καί
954 2218 1047 2307 ὑμεῖς

97 2319 432 2407 ἀναμιμνησκόμενοι,
442 2326 557 2408 τρίτην
567 2319 703 2408 ύὲήτής
714 2328 817 2401 αἰτίας
827 2319 1045 2403 ἀπιθανότης,

96 2418 255 2505 τετάρτην
267 2417 303 2486 δέ
314 2416 399 2506 άνήρ
414 2418 599 2505 ἀξιόλογος,
622 2417 668 2499 εἷς
685 2428 753 2488 τοὸυ
769 2418 1045 2504 πολιτευομένων,
1099 2427 1100 2432 ’

93 2515 278 2602 Ἀμύντωρ,
302 2507 379 2606 ᾦτὸ
398 2517 550 2602 ψήφισμα
566 2520 748 2594 ἐπεδείξατο
761 2511 1047 2600 Δημοσθένηςκαλ

94 2612 326 2699 ἀνεκοινοῦτο,
349 2617 380 2678 εί
399 2615 446 2702 σῷ
468 2618 515 2700 τῷ
536 2624 734 2697 γραμματεῖ,
756 2609 817 2696 ούχ
835 2607 1045 2694 ὑπεναντίον,

50 2735 81 2790 65
97 2711 182 2782 ἀλλὰ
196 2707 320 2780 ταύτόυ
335 2708 512 2797 γεγραφώς
528 2708 732 2793 Φιλοκράτει.
765 2715 823 2775 καί
838 2732 894 2794 μοι
912 2707 991 2794 λαβὲ
1008 2705 1044 2772 τὸ

95 2811 252 2898 ψήφισμα
260 2809 315 2878 καί
326 2805 502 2893 άνάγνωθι
511 2805 548 2874 τὸ
560 2809 818 2894 Δημοσθένους,
836 2810 872 2874 ἐν
890 2810 1046 2890 ιιφαίυε-

95 2936 149 2977 ται
169 2905 345 2994 γεγραφώς
365 2915 405 2996 τῇ
424 2907 487 2994 μὲν
505 2909 650 2996 προτέρη
671 2915 740 2974 τεόυ
760 2910 942 2993 ἐκκλησιῶν
960 2923 1046 2990 συμ-

95 3007 271 3094 βουλεύειν
286 3004 348 3074 τύυ
362 3004 588 3093 βουλόμενον,
608 3013 649 3096 τῇ
668 3004 699 3074 δ’
718 3004 840 3095 ὑστέρη
856 3006 935 3083 τοὺς
946 3003 1047 3089 προέ-

96 3109 198 3190 δρους
208 3105 416 3192 ἐπιψηφίζειν
426 3103 484 3184 τὰς
494 3106 645 3192 γνώμας,
667 3107 771 3194 λόγον
782 3104 818 3173 δέ
834 3101 877 3190 μή
890 3105 1048 3192 προτιθέ-

94 3233 166 3294 ναι,
178 3209 217 3275 ε’ν
227 3198 251 3294 ή
260 3207 303 3292 μέ
311 3224 415 3293 φησιν
426 3204 525 3292 αὑτὰς
536 3207 733 3293 Φιλοκράτει
743 3219 922 3275 συνειπεῖν.

457 3312 688 3373 ΨΗΦΙΣΜΑ.

53 3417 82 3473 66
182 3403 370 3472 Ούκοῦντά
382 3403 443 3489 μέν
453 3409 663 3490 ψηφίσματα,
686 3399 730 3480 ὡς
746 3403 778 3480 ἐξ
796 3398 895 3488 ἀρχῆς
906 3398 1045 3488 ἐγράφη,

96 3505 197 3589 μένει,
210 3506 245 3570 οί
254 3503 289 3572 δέ
299 3510 367 3571 τοῖν
378 3510 602 3590 συκοφαντῶν
618 3499 713 3585 λύγοι
723 3498 806 3585 πρὸς
816 3499 896 3580 τούς
905 3497 953 3586 ἐφ’
966 3496 1047 3588 ήμί-

137 3597 299 3654 Αεεοοιιιεε.
