2510 3948
195 272 257 338 186
526 270 782 331 ΑΙΣΧΙΝΟΤ

192 431 256 520 γάρ
266 432 287 519 ἡ
298 431 379 501 κατὰ
391 435 491 500 τοῦδε
502 438 564 498 τοῦ
574 435 784 515 ψηφίσματος
794 426 919 514 γραφὴ,
930 427 975 516 ἣν
987 427 1052 516 οὐχ
1065 429 1154 517 ὑπὲρ

191 542 248 618 τῆς
264 530 407 617 πόλεως,
430 527 502 598 ἀλλ’
524 527 608 615 ὑπὲρ
625 536 683 614 τῆς
696 532 742 605 είς
752 524 967 614 Ἀλέξανδρον
978 531 1156 610 ἐνδείξεώς

191 655 231 716 με
243 627 309 716 φης
320 626 533 714 ἀπενεγκεῖν,
555 632 604 694 ἔτι
614 633 781 694 Φιλίππου
798 632 935 713 ζῶντος,
958 630 1045 711 πρὶν
1060 629 1153 699 Ἀλέ-

191 731 336 812 ξανδρον
348 733 393 806 είς
403 725 466 813 τὴν
479 723 584 812 ἀρχὴν
596 731 813 811 καταστῆναι,
836 724 931 793 οὕτω
942 734 1013 794 σοῦ
1025 725 1065 796 τό
1077 730 1151 812 περὶ

192 831 391 893 Παυσανίαν
403 824 562 892 ἐνύπνιον
578 824 761 907 ἑωρακότος
780 823 857 893 οῦδὲ
874 823 959 912 ’πρὸς
969 825 1038 912 τὴν
1048 825 1152 913 Ἀθη-

123 939 176 995 613
194 932 259 994 νάν
270 922 514 1010 καίτηνἭραν
531 923 663 1010 νύκτωρ
681 925 914 1009 διειλεγμένον.
937 933 1012 1005 παῖς
1031 922 1078 994 ἀν
1089 919 1151 994 οῦν

192 1023 256 1110 ἐγω
276 1022 580 1111 προενεδεικνύμην
599 1020 819 1111 Ἀλεξάνδρφ;
853 1033 886 1092 εί
905 1049 945 1109 γε
971 1025 1020 1110 μὴ
1047 1022 1147 1092 ταύτὰ
1238 1058 1239 1061 “

193 1121 353 1190 ἐνύπνιον
370 1119 434 1208 έγά
452 1124 506 1190 καί
527 1124 749 1207 Δημοσθένης
766 1126 903 1208 είδομεν.
937 1125 1094 1212 ἐπιτιμᾷς
1115 1125 1152 1190 δέ
1165 1131 1207 1184 λλθ
1238 1134 1239 1149 ’

192 1247 265 1307 μοι,
287 1227 319 1289 εί
334 1219 378 1308 μὴ
397 1229 558 1307 συνεχοῦς,
582 1219 664 1289 ἀλλά
681 1225 857 1288 διαλείπων
867 1224 954 1305 πρὸς
965 1219 1150 1306 τόνδῆμον

192 1325 431 1409 προσέρχομαι,
454 1323 509 1388 καλ
526 1318 587 1405 τὴν
603 1317 738 1400 ἀξίωσιν
748 1319 874 1404 ταύτην
883 1329 948 1388 οίει
960 1319 1146 1388 λανθάνειν
1238 1362 1239 1379 ι

193 1422 389 1504 μεταφέρων
402 1417 464 1486 οῦκ
482 1420 518 1486 ἐκ
537 1421 773 1504 δημοκρατίας,
795 1415 868 1485 ἀλλ’
881 1420 914 1497 ἐξ
926 1418 1147 1503 έτέραςπολν
1238 1440 1239 1461 ¹

192 1524 288 1596 τείας.
311 1522 347 1586 ἐν
364 1522 426 1604 μέν
440 1518 505 1603 γὰρ
521 1531 592 1595 ταῖς
609 1515 810 1603 όλνγαρχίαις
826 1513 887 1602 ούχ
897 1513 915 1584 ὁ
927 1517 1149 1603 βουλόμενος,
1238 1533 1239 1542 ’

192 1613 265 1683 ἀλλ’
278 1614 297 1683 ό
309 1616 523 1684 δυναστεύων
534 1619 723 1702 δημηγορεῖ,
736 1618 774 1683 έν
784 1615 821 1684 δὲ
829 1629 900 1694 ταῖς
911 1621 1151 1702 δημοκρατίαις

193 1711 210 1780 ό
223 1714 426 1800 βουλόμενος
436 1716 491 1782 καὶ
503 1712 585 1783 ὅταν
595 1712 687 1804 αύτῷ
700 1717 792 1801 δοκῇ.
809 1716 864 1782 καλ
873 1711 911 1780 τὸ
922 1715 985 1800 μὲν
998 1712 1055 1781 διά
1068 1715 1152 1800 χρό-

194 1839 257 1882 νον
267 1815 375 1902 λέγειν
390 1814 527 1902 σημεῖόν
538 1817 628 1883 ἐστιν
638 1815 690 1882 ἐπὶ
700 1821 769 1882 τοῖν
779 1821 907 1896 καιρόν
917 1815 1048 1881 καὶτοῦ
1060 1834 1149 1899 σνμ
1238 1822 1239 1906 J

124 1932 177 1988 614
194 1909 808 2001 φέροντοςἀνδρόςπολιτευομένου,τό
820 1911 1148 1998 δὲμηδεμίανπαρα·
1238 1977 1239 2000 ,

192 2020 318 2083 λείπειν
327 2011 455 2100 ἡμέραν
466 2013 685 2100 ἐργαζομένου
696 2013 750 2080 καὶ
760 2015 1041 2097 μισθαρνοῦντος.
1061 2006 1144 2095 ὑπὲρ
1161 2022 1201 2077 221
1238 2055 1239 2084 ,

193 2109 229 2176 δὲ
239 2118 302 2177 τοῦ
311 2115 445 2196 μηδέπω
456 2120 632 2199 κεκρίσθαι
643 2108 701 2179 ὑπ’
715 2113 797 2197 ἐμοῦ
807 2110 889 2196 μηδὲ
898 2117 969 2178 τῶν
980 2109 1144 2194 ἀδικημά-
1238 2133 1239 2150 ¹

193 2233 260 2296 των
280 2212 441 2291 τιμωρίαν
461 2205 635 2294 ὑποσχεῖν,
658 2207 740 2277 ὅταν
762 2207 973 2296 καταφεύγῃς
995 2209 1049 2276 ἐπὶ
1065 2204 1144 2286 τοῦς
1238 2295 1239 2298 ¹

193 2303 363 2384 τοιούτους
372 2302 622 2392 λόγονς,ιἠ“τοῦς
631 2305 816 2386 ἀκούοντας
827 2305 1051 2392 ἐπιλήσμονας
1059 2304 1145 2374 ὑπο-

192 2400 404 2494 λαμβάνειςῆ
415 2404 540 2474 σαυτόν
551 2411 761 2493 παραλογίζῃ.
781 2402 821 2473 τά
832 2409 893 2491 μὲν
902 2403 968 2491 γάρ
980 2408 1057 2490 περὶ
1068 2403 1145 2483 τούς

188 2504 387 2591 Ἀμφισσέας
402 2503 590 2594 ἠσεβημένα
609 2525 662 2572 σοι
684 2507 739 2572 καί
761 2501 801 2572 τά
820 2506 895 2590 περὶ
912 2502 974 2590 τὴν
989 2503 1144 2590 Εύβοιαν
1238 2518 1239 2575 λ

178 2601 487 2692 δωροδοκηθέντα,
509 2606 640 2691 χρόνων
661 2608 928 2691 ἐγγεγενημένων
950 2607 986 2672 ἐν
1010 2600 1062 2682 οἷς
1083 2601 1141 2670 ὑπ’
1238 2596 1239 2644 ¹

192 2708 276 2788 ἐμοῦ
296 2711 450 2789 φανερῶς
471 2707 662 2790 ἐξηλέγχου,
696 2713 774 2783 ίσως
795 2705 931 2783 έλπιξεις
951 2699 1013 2770 τόν
1035 2707 1143 2789 δῆμον

190 2799 410 2885 ἀμνημονεῖν·
422 2799 462 2870 τά
474 2804 511 2870 δὲ
521 2804 596 2887 περὶ
606 2800 664 2881 τάς
674 2802 816 2888 τριήρεις
827 2804 882 2869 καὶ
893 2799 972 2880 τούς
981 2802 1141 2889 τριηράρ-
1156 2813 1203 2869 222

191 2924 270 2985 χους
282 2895 480 2984 ἁρπάγματα
496 2910 545 2980 τίς
556 2897 599 2968 ἀν
610 2901 802 2988 ἀποκρύψαι
811 2901 933 2986 χρόνος
944 2896 1071 2968 δύναιτ’
1082 2896 1137 2983 ἀν,
1238 2965 1239 2984 ,

191 2999 246 3066 ὅτε
269 2998 498 3084 νομοθετήσας
518 3004 592 3084 περὶ
613 3007 681 3069 τόν
708 3006 908 3084 τριακοσίων
934 3001 989 3066 καὶ
1014 2994 1141 3065 σαυτόν
1238 3013 1239 3016 ’

192 3102 305 3173 πείσας
311 3094 509 3183 Ἀθηναίους
519 3099 695 3185 ἐπιστάτην
706 3100 799 3179 τάξαι
810 3106 873 3165 τοῦ
883 3105 1055 3184 ναυτικοῦ,
1068 3097 1141 3183 ἐξη-

190 3196 332 3281 λέγχθης
349 3191 407 3261 ὑπ’
425 3199 507 3281 ἐμοῦ
524 3197 680 3284 ἑξήκοντα
697 3201 752 3266 καὶ
767 3203 862 3266 πέντε
874 3205 1141 3282 νεῦνταχυναυ-
1238 3215 1239 3218 ’

190 3301 323 3363 τουσῦν
332 3297 550 3382 τριηράρχους
567 3295 795 3384 ὑφῃρημένος,
818 3298 919 3366 πλέον
937 3305 995 3383 τῆς
1012 3296 1142 3375 πόλεως

121 3422 173 3479 615
191 3389 287 3478 ἡμῶν
310 3391 480 3478 ἀφανίζων
502 3395 677 3483 ναυτικόν,
709 3392 732 3482 ἢ
753 3395 808 3464 ὅτε
826 3392 997 3482 Ἀθηναῖοι
1018 3393 1082 3482 τὴν
1105 3397 1142 3463 ἐν

193 3490 289 3574 Νάξῳ
308 3501 494 3578 ναυμαχίαν
509 3500 792 3581 Λακεδαιμονίους
807 3497 862 3562 καὶ
878 3495 1007 3565 Πόλλιν
1029 3497 1146 3567 ἐνίκα·
