2510 3948
196 265 258 327 160
546 263 803 322 ΛΙΣΧΙΝΟΤ

195 427 404 513 πέμπεσθαι,ι
420 432 520 492 τοῦτο
539 420 729 507 πεισόμενοι
746 423 802 488 καί
818 418 913 489 αὐτοὶ
923 417 1012 507 καὶὴ
1023 423 1158 549 πατρίς,

197 525 270 604 ὅτι
291 520 335 594 άν
355 527 425 593 ἐκεί
410 531 471 614 ίνω
494 522 588 640 δόξη,
612 524 667 590 καλ
684 522 722 588 ἐν
739 529 780 608 τῇ
795 529 857 588 τοῦ
873 527 1082 606 κρατοῦντος
1100 524 1159 588 καλ
1238 509 1239 580 λ

196 627 465 710 προηδικημένου
475 619 900 708 μετριότητικριθήσονται.
930 615 1029 704 ἡδ’“
1011 621 1158 742 ημετέρα
1173 635 1239 698 134

195 720 339 809 πόλις,“
320 748 341 809 η
354 722 448 808 κοινὴ
460 716 635 806 καταφυγὴ
649 726 717 786 τῶν
726 715 909 804 Ελλήνων,
921 717 1008 802 πρὸς
1019 716 1064 802 ἣν
1074 717 1159 804 άφι-
1238 775 1239 784 ,

196 827 341 888 κνοῦντο
354 819 520 905 πρότερον
532 823 618 888 ἐκ
578 844 637 904 της
647 815 801 894 Ελλάδος
812 820 849 882 αί
858 823 1049 938 πρεσβεῖαι,
1070 815 1157 884 κατὰ

198 919 310 997 πόλεις
321 919 453 986 ἔκαστοι
469 914 543 1002 παρ’
556 913 653 1004 ἡμῶν
668 915 731 1000 τὴν
743 922 908 1000 σωτηρίαν
919 912 1154 1002 εὑρησόμενοι,

196 1025 264 1084 νῦν
281 1015 393 1085 οὐκέτι
409 1018 553 1102 περὶτῆς
569 1021 637 1082 τῶν
649 1011 816 1100 Ἑλλήνων
832 1010 1012 1099 ἡγεμονίας
1029 1011 1158 1098 άγωνί-
1238 1017 1239 1026 ³

198 1122 300 1201 ζεται,
323 1112 392 1184 ἀλλ’
404 1115 468 1202 ἤδη
485 1115 560 1197 περὶ
577 1121 639 1182 τοῦ
655 1122 713 1200 τῆς
730 1115 887 1198 πατρίδος
904 1112 1064 1196 ἐδάφους.
1101 1113 1156 1179 καὶ

197 1211 293 1282 ταῦθ’
307 1212 387 1302 ἡμίν
400 1217 610 1302 συμβέβηκεν
622 1216 654 1292 ἐξ
669 1212 750 1280 ὅτου
761 1214 986 1299 Δημοσθένης
996 1207 1082 1295 πρός
1092 1209 1157 1297 τὴν
1238 1243 1239 1246 “

198 1321 368 1382 πολιτείαν
382 1313 644 1399 προσελήλυθεν.
678 1304 717 1379 εὖ
733 1311 799 1396 γάρ
817 1313 892 1398 περὶ
907 1311 1155 1378 τῶντοιούτων
1238 1301 1239 1330 ³

195 1407 760 1496 Ἡσίοδοςὸποιητὴςάποφαίνεται.
793 1415 881 1493 λέγει
891 1409 956 1495 γάρ
967 1433 1054 1495 που,
1075 1433 1156 1476 παι-

199 1507 311 1574 δεύων
326 1505 367 1574 τά
387 1507 499 1593 πλήθη
517 1509 572 1575 καλ
590 1506 832 1594 συμβουλεύων
849 1521 919 1585 ταῖς
938 1507 1060 1574 πόλεσι
1077 1504 1156 1584 τούς
1238 1497 1239 1520 ³

199 1605 369 1692 πονηρούς
379 1614 448 1674 τῶν
458 1610 667 1693 δημαγωγῶν
677 1605 722 1693 μὴ
734 1610 985 1692 προσδέχεσθαι.
1021 1607 1110 1685 λε’ξω
1123 1604 1157 1672 δὲ

198 1702 291 1791 κάγῶ
302 1701 342 1772 τά
354 1708 430 1790 ἔπη·
453 1703 507 1772 διὰ
527 1715 625 1774 τοῦτο
644 1703 813 1792 γάρολμαι
824 1708 943 1782 παῖδας
954 1701 1058 1783 ὄντας
1069 1703 1156 1791 ἡμᾶς
1169 1730 1211 1784 135

198 1802 257 1882 τὰς
266 1810 335 1872 τῶν
345 1810 495 1890 ποιητῶν
504 1804 641 1892 γνῶμας
652 1803 893 1890 ἐκμανθάνειν,
904 1800 945 1869 ἵν’
958 1799 1085 1886 ἄνδρες
1097 1800 1156 1870 ὅν-

197 1929 251 1982 τες
260 1901 375 1984 αὐταῖς
384 1904 551 1990 χρώμεθα.

241 2002 382 2069 πολλάκι
394 2001 434 2088 δὴ
447 2002 601 2089 ξύμπασα
611 2003 706 2081 πόλις
717 2010 825 2073 κακοῦ
836 1999 959 2086 άυδρὸς
971 1999 1119 2088 ἀπηύρα,

133 2121 183 2174 526
241 2098 279 2176 ὅς
288 2125 349 2166 κεν
360 2098 531 2188 άλιτραίνη
542 2104 597 2169 καλ
608 2100 781 2172 ἀτάσθαλα
791 2098 1007 2186 μηχανάαται.

240 2209 347 2264 τοίσιν
358 2196 389 2263 δ’
402 2196 595 2280 οὐρανόθεν
604 2198 673 2285 μέγ’
686 2198 828 2286 ἐπήγαγε
840 2206 933 2286 πῆμα
943 2205 1114 2284 Κρονίων,

242 2297 341 2382 λιμόν
351 2293 440 2381 ὁμοῦ
449 2299 502 2363 καί
517 2297 652 2382 λοιμόν,
671 2296 951 2385 ἀποφθινύθουσι
962 2300 999 2366 δὲ
1009 2306 1106 2366 λαοί·

243 2393 264 2482 ἢ
275 2405 343 2466 τῶν
353 2423 391 2483 γε
402 2395 545 2482 στρατόν
557 2395 662 2480 εὐρύν
673 2393 879 2484 άπῶλεσενιῖ
892 2396 911 2466 ὅ
924 2421 962 2482 γε
972 2411 1094 2484 τεῖχος,

241 2492 352 2582 ἢνίας
364 2500 401 2564 ἐν
410 2496 523 2586 πόντιμ
535 2492 751 2564 άποτίννυται
763 2493 912 2583 εὐρύοπα
922 2495 1016 2574 Ζεύς.

201 2596 259 2663 ἐὰν
271 2597 307 2664 δὲ
319 2597 525 2683 περιελόντες
536 2605 598 2664 τοῦ
610 2605 750 2684 ποιητοῦ
765 2598 802 2664 τὸ
814 2600 937 2683 μέτρον
949 2596 1009 2674 τὰς
1019 2597 1157 2682 γνῶμας
1174 2613 1216 2668 433

200 2697 378 2782 ἐξετάζητε,
398 2696 518 2784 ολμαι“
498 2711 579 2785 υμῖν
592 2696 750 2779 δόξειν’
711 2724 753 2766 ου
766 2697 931 2786 ποιήματα
938 2695 1099 2766 Ησιόδον
1109 2695 1156 2764 ελ-

201 2822 272 2880 υαι,
295 2795 376 2863 άλλά
395 2799 545 2884 χρησμὸν
563 2804 609 2876 είς
627 2824 689 2884 την
705 2801 949 2884 Δημοσθένους
967 2801 1155 2864 πολιτείαν·

132 2915 183 2971 527
199 2889 304 2961 καλ
264 2918 329 2977 γαρ
340 2917 479 2980 ναυτικη
469 2893 544 2964 καλ
555 2879 633 2981 πεξη
647 2914 782 3016 στρατια
771 2894 847 2962 καὶ
862 2895 975 2974 πόλεις
985 2893 1094 2984 ἄρδην
1104 2899 1157 2960 εί-

201 2988 284 3058 σλυ
265 3010 420 3082 ανηρπα
395 2997 460 3080 μ
460 3018 515 3059 ναι
526 2995 613 3061 ἐκ
573 3020 631 3079 της
641 3019 763 3062 τουτου
773 2998 947 3070 πολιτείας.

132 3114 183 3168 530
281 3083 360 3158 Ἀλλ’
364 3089 501 3179 ,ολμαι,
523 3090 603 3160 οὔτε
627 3093 834 3178 Φρυυῶνδας
854 3091 933 3160 οὔτε
953 3089 1155 3176 Εὐρύβατος
1171 3106 1215 3164 137

200 3187 260 3257 οάτ
260 3188 379 3271 ’άλλος
395 3191 505 3272 οὐδεὶς
522 3192 655 3262 πῶποτε
672 3201 741 3261 τῶν
751 3193 852 3262 πάλαι
869 3199 1154 3280 πονηρῶντοιού-

199 3317 255 3369 τος
266 3290 371 3376 μάγος
382 3293 489 3360 καλ’
447 3318 529 3379 γοης
539 3289 715 3377 ἐγένετο,ῃ
697 3318 748 3378 ος,
768 3285 795 3360 ῶ
807 3319 849 3379 γη
836 3295 916 3360 καλ
926 3294 1002 3359 θεολ
1013 3293 1069 3359 καὶ
1080 3283 1155 3356 δαί·
1238 3375 1239 3378 ¹

200 3393 366 3472 μουεςκαὶ
378 3387 571 3477 άνθρωποι,
590 3389 665 3458 ὅσοι
682 3387 879 3478 βούλεσθε’
860 3387 1152 3474 ακούειντάληθῆ,

199 3491 304 3568 τολμα
316 3487 424 3566 λέγειν
436 3491 617 3570 βλέπωνί
587 3511 602 3552 ε
616 3513 682 3566 ςτα
695 3485 857 3570 πρόσωπα
867 3487 907 3555 τά
924 3485 1085 3570 ὑμέτερα,
1109 3482 1153 3562 ῶς
1238 3523 1239 3554 ι
