2442 3948
173 245 214 308 80
586 237 715 290 ΙΣΑΙΟΤ
1032 237 1085 292 On.
1103 240 1126 290 θ.

174 404 255 504 ἧκεν
271 403 313 483 οὐ
330 410 464 501 ἐξώρμει
481 406 502 500 ή
519 413 618 497 ναύς,
645 413 701 480 καὶ
717 407 846 502 γράψας
871 407 1055 499 διαθήκην,
1076 404 1128 500 ἐφ’

175 510 224 594 οἷς
251 511 404 602 εἰσήγαγε
432 509 490 582 τόν
515 517 635 598 παῖδα,
661 519 872 582 κατατίθεται
897 505 978 600 μετά
1003 507 1131 580 τούτων

123 630 159 684 28
175 609 263 705 παρά
280 610 479 706 Πυθοδώρῳ
505 621 679 701 Κηφισιεϊ,
706 609 905 704 προσήκοντι
931 605 1030 705 αὐτῷ.
1076 613 1131 682 καὶ

176 712 226 786 ὅτι
243 716 322 804 μέν,
340 704 368 783 ἀ
409 709 546 803 ἀνδρες,
573 707 635 802 οὐχ
652 707 696 809 ἀς
713 714 789 804 περὶ
805 719 954 800 γνησίων
972 717 1132 802 ἔπραττεν

174 811 375 905 Εὐκτήμων,
406 809 425 884 5
451 809 648 902 Ἀνδροκλῆς
677 810 923 905 μεμαρτύρηκε,
963 813 1019 882 καὶ
1051 807 1132 882 αὐτο

174 919 271 987 τοῦτο
298 911 412 985 ίκανόν
437 912 628 1004 τεκμήριον·
655 928 723 995 τοϊς
748 911 812 1004 γάρ
829 911 929 1002 φύσει
946 915 1055 984 υἱέσιν
1074 908 1132 982 αὐ-

175 1017 237 1087 τού
252 1010 363 1096 οὐδεὶς
375 1011 490 1086 οὐδενὶ
509 1018 544 1084 έν
563 1011 708 1104 διαθήκῃ
719 1012 840 1105 γράφει
854 1011 947 1084 δόσιν
958 1009 1133 1103 οὐδεμίαν,

178 1115 260 1186 διότι
277 1110 296 1186 5
311 1113 410 1204 νόμος
428 1111 526 1195 αὐτός
535 1109 720 1184 ἀποδίδωσι
729 1118 777 1238 τῳ
790 1118 861 1183 υίεί
874 1111 916 1184 τά
932 1117 993 1184 τού
1009 1109 1133 1206 πατρός

31 1296 34 1303 7
176 1219 233 1288 καὶ
249 1212 330 1286 οὐδὲ
348 1218 526 1286 διαθέσθαι
544 1217 582 1306 ἐᾷ
597 1211 660 1307 ὅτῳ
678 1209 721 1285 ἀν
739 1235 799 1284 ωσι
816 1220 932 1294 παῖδες
949 1212 1089 1304 γνήσιοι.

125 1337 159 1392 29
250 1319 415 1405 Κτιμένου
434 1317 471 1386 δὲ·
482 1317 544 1385 τού
553 1323 777 1405 γραμματείου
795 1310 914 1404 σχεδόν
933 1310 988 1384 δύ’
1008 1322 1064 1402 έτη
1077 1317 1134 1386 καὶ

176 1421 235 1487 τοὺ
252 1420 396 1508 Χαιρέου
412 1413 698 1504 τετελευτηκότος,
715 1411 990 1496 ὑποπεπτωκότες
1002 1421 1075 1487 οἵδε
1091 1419 1136 1505 τῇ

176 1514 360 1609 ἀνθρώπῳ,
388 1519 443 1586 καὶ
469 1512 612 1607 ὁρῶντες
638 1510 866 1606 ἀπολλύμενον
891 1513 950 1586 τόν
965 1515 1058 1586 οἶκον
1076 1518 1136 1585 καὶ

176 1615 212 1688 τό
238 1621 341 1707 γήρας
367 1620 422 1688 καὶ
448 1614 509 1704 τήν
534 1613 651 1687 ἀνοιαν
675 1619 736 1687 τοῦ
752 1613 984 1706 Εὐκτήμονος,
1011 1613 1061 1686 ὅτι
1080 1627 1134 1705 είη

123 1741 159 1794 30
176 1714 288 1798 αὐτοῖς
315 1715 412 1806 ίκαυή
438 1714 586 1807 ἀφορμή,
614 1726 891 1788 συνεπιτίθενται.
927 1719 983 1786 καὶ
1000 1719 1135 1808 πρῶτον

175 1819 237 1908 μὲν
254 1827 410 1889 πείθουσι
426 1816 484 1890 τόν
501 1815 700 1907 Εὐκτήμονα
717 1815 778 1906 τὴν
794 1818 855 1908 μὲν
873 1816 1039 1906 διαθήκην
1056 1814 1136 1889 ἀνε-

177 1929 248 1990 λεῖν
275 1915 318 2001 ἀς
335 1915 375 1990 οὐ
393 1927 555 2009 χρησίμην
572 1909 677 1990 οὐσαν
694 1935 762 2006 τοῖς
779 1925 887 1988 παισί·
914 1922 971 2006 τής
988 1915 1051 2009 γάρ
1069 1930 1136 2008 ῳά-
1219 1973 1220 2008 ,

175 2024 273 2109 νεράς
299 2017 413 2101 οὐσίας
438 2017 561 2090 οὐδένα
586 2017 702 2109 κόριον
726 2026 861 2090 ἔσεσθαι
877 2016 1136 2107 τελευτήσαντος

61 2149 63 2154 ·
176 2116 389 2208 Εὐκτήμονος
405 2118 507 2191 ἀλλον
522 2114 544 2208 ἢ
561 2117 618 2199 τάς
634 2122 820 2209 θυγατέρας
838 2122 893 2189 καὶ
910 2118 987 2200 τούς
1005 2123 1041 2189 έκ
1058 2118 1136 2190 τού-

175 2247 243 2290 των
268 2218 459 2308 γεγονότας·
486 2227 517 2289 εί
542 2220 579 2288 δὲ
596 2215 798 2309 ἀποδόμενός
820 2224 936 2290 τιτῶν
952 2217 1059 2290 ὄντων
1076 2215 1136 2311 ἀρ-

125 2337 158 2389 31
175 2318 294 2410 γύριον
305 2328 489 2409 καταλίποι,
505 2324 607 2390 τοῦτο
620 2327 762 2407 βεβαίως
775 2323 860 2404 ἕξειν
878 2316 1006 2401 αὐτούς.
1034 2316 1136 2390 ἀκού-

176 2444 237 2501 σας
262 2416 295 2490 δ’
318 2415 336 2491 5
359 2415 547 2510 Εὐκτήμων
571 2417 676 2500 εὐθύς
698 2417 815 2511 ἀπήτει
837 2417 896 2493 τόν
921 2419 1137 2512 Πυθόδωρον
1218 2410 1219 2420 ¹

176 2519 213 2592 τό
230 2538 466 2612 γραμματεῖον,
486 2523 540 2592 καὶ
557 2524 817 2612 προσεκαλέσατο
837 2529 883 2602 είς
901 2525 1059 2611 έμφανῶν
1076 2550 1136 2591 κα-

176 2620 341 2693 τάστασιν.
378 2620 596 2704 καταστάυτος
611 2624 648 2691 δὲ
660 2626 789 2694 ἐκείνου
806 2619 887 2714 πρὸς
903 2619 962 2693 τόν
979 2618 1135 2713 ἀρχοντα,

124 2740 159 2793 32
177 2731 290 2811 ἔλεγεν
307 2720 358 2793 ὅτι
376 2719 521 2812 βούλοιτ’
540 2720 719 2794 ἀνελέσθαι
735 2721 797 2811 τήν
815 2721 990 2811 διαθήκην.
1020 2721 1136 2811 ἐπειδὴ

179 2821 211 2892 δ’
230 2819 248 2892 ό
266 2822 475 2913 Πυθόδωρος
493 2827 607 2916 έκείνῳ
625 2824 686 2913 μὲν
703 2826 758 2894 καί
775 2827 823 2915 τῷ
833 2821 1054 2917 Φανοστράτῳ
1064 2851 1135 2894 πα·
1217 2847 1218 2856 ’

176 2921 269 3014 ρόντι
287 2917 446 3010 ὡμολόγει
463 2920 629 3013 ἀναιρεῖν,
647 2927 708 2993 τοῦ
726 2925 763 2992 δὲ
774 2926 917 3013 Χαιρέου
935 2926 996 2994 τού
1011 2945 1135 3014 συγκα-
1217 2930 1218 2951 ’

176 3025 362 3111 ταθεμέυου
385 3021 537 3112 θυγάτηρ
554 3013 598 3111 ήν
614 3031 690 3113 μία,
717 3013 756 3112 ής
776 3021 888 3113 ἐπειδή
906 3022 1019 3116 κύριος
1036 3053 1135 3096 κατα-

179 3130 290 3211 σταίη,
316 3121 391 3194 τότε
416 3121 510 3211 ήξιόυ
535 3119 683 3212 ἀνελεῖν,
710 3125 767 3194 καὶ
782 3119 801 3193 ὁ
818 3121 929 3215 ἀρχων
945 3121 1050 3206 οὐτως
1069 3129 1135 3214 ε’γί-

178 3244 324 3314 γνωσιιε,
364 3222 677 3316 διομολογησόμεγος
708 3219 725 3295 5
759 3219 944 3315 Εὐκτήμων
983 3229 1136 3297 ἐναντίον

178 3329 240 3395 τοῦ
272 3322 427 3414 ἀρχοντος
460 3326 516 3394 καί
550 3327 617 3394 τοῖν
639 3329 816 3417 παρέδρων
838 3328 894 3396 καὶ
916 3323 1135 3416 ποιησόμενος

178 3422 320 3506 πολλούς
332 3423 498 3516 μάρτνρας
517 3419 561 3505 ὥς
578 3420 688 3496 οὐκέτ’
707 3423 799 3519 αὐτῳ
814 3429 920 3496 κέοιτο
937 3422 957 3514 ή
977 3425 1134 3516 διαθήκη,

123 3541 156 3594 33
174 3523 274 3620 ρ’όχετο
286 3522 402 3598 ἀπιόν.
429 3529 485 3596 καὶ
497 3530 533 3598 έν
550 3524 643 3612 πάνυ
656 3523 756 3622 ὀλίγῳ
773 3526 893 3621 χρόνῳ,
912 3517 1016 3618 οὐπερ
1035 3530 1134 3598 ἕνεκα
