2474 3946
282 277 403 336 ΠΕΡΙ
420 277 857 336 ΠΑΡΑΠΡΕΣΒΕΙΑΣ.
981 277 1042 340 105

26 453 71 508 145
90 440 189 523 ἐμοῦ·
214 435 339 515 πάντας
355 435 420 522 γάρ
437 438 561 521 λέγειν,
582 432 626 515 άς
642 437 790 523 χρήματα
807 442 870 523 ἔχει
881 436 970 522 παρά
981 446 1043 508 Φο-

89 543 223 605 λίκπου.
246 529 285 604 εὖ
297 533 328 603 δ’
342 545 428 622 ἰστε,
441 527 656 622 άἈθηναῖοι,
668 534 719 602 ὅτι
728 545 882 605 πλεῖστον
892 540 1043 624 διαφέρει

88 637 183 723 φήμη
195 639 250 704 καὶ
261 641 475 730 συκοφαντία.
499 634 593 721 φήμη
605 635 666 721 μὲν
679 631 744 719 γάρ
756 632 798 702 ού
808 651 962 704 κοινωνεῖ
969 640 1043 704 δια-

88 741 190 823 βολῇ,
214 730 350 820 διαβολή
369 731 406 800 δὲ
422 731 571 818 ἀδελφόν
587 734 721 800 ἐστικαὶ
732 740 948 819 συκοφαντία.
971 739 1042 804 διο-

89 841 149 916 ριῶ
164 831 197 902 δ’
214 831 325 901 αύτοδν
337 832 495 916 ἑκάτερον
505 838 630 917 σαφῶς.
649 831 741 919 φήμη
758 834 820 918 μέν
832 835 936 918 ἐστιν,
960 829 1042 902 ὅταν

88 930 125 998 τό
144 939 275 1019 πλῆθος
290 939 359 999 τοῖν
375 937 520 999 πολιτῶν
539 927 727 1015 αὐτόματον
738 931 775 998 ἐκ
786 935 947 1017 μηδεμιᾶς
957 954 1041 1014 προ-

91 1032 315 1120 φάσεωςλέγη
326 1031 401 1100 τινὰ
413 1027 457 1109 ὡς
475 1031 699 1116 γεγενημένην
715 1033 849 1116 πρᾶξιν·
869 1051 1041 1117 συκοφαν-

88 1139 140 1200 τία
159 1127 193 1199 δ’
212 1133 317 1218 ἐστίν,
339 1128 421 1198 ὅταν
438 1131 521 1213 πρὸς
536 1127 614 1208 τούς
625 1129 769 1209 πολλούς
780 1124 825 1209 εἰς
835 1127 921 1216 ἀνήρ
933 1137 1043 1202 αἰτίαν

88 1228 242 1317 ἐμβαλών
262 1235 300 1298 ἔν
316 1255 352 1299 τε
369 1244 439 1310 ταῖς
456 1233 640 1316 ἐκκλησίαις
657 1227 799 1308 άπάσαις
820 1229 903 1315 πρός
925 1256 960 1298 τε
980 1228 1042 1317 τήν

87 1329 216 1417 βουλήν
228 1331 388 1420 διαβάλλη
398 1329 482 1400 τινά.
505 1332 559 1397 καί
571 1337 612 1417 τῇ
623 1330 684 1415 μὲν
694 1329 789 1418 φήμη
800 1332 941 1417 δημοσίᾳ
952 1328 1042 1396 δύο·

87 1455 151 1514 μεν
169 1428 211 1508 ὡς
229 1437 316 1518 θεῷ,
338 1437 405 1497 τοῖν
422 1428 458 1497 δὲ
474 1437 696 1514 συκοφαντῶν
714 1425 1042 1514 άςκακούργανδη-

86 1533 188 1614 μοσίᾳ
199 1525 367 1614 προβολάς
378 1528 576 1615 ποιούμεθα.
595 1526 640 1614 μή
653 1521 716 1596 οὖν
727 1527 853 1614 σύναγε
864 1534 911 1607 εἰς
919 1524 1042 1596 ταύτὸν
1099 1597 1103 1606 ,

85 1626 127 1695 τά
138 1627 298 1696 κάλλιστα
308 1641 376 1706 τοῖς
386 1634 570 1711 αἰσχίστοις.

28 1741 68 1797 146
169 1723 240 1793 Ἐπὶ
256 1733 389 1804 πολλοῖς
405 1724 465 1810 μὲν
483 1718 547 1793 ούν
563 1729 664 1811 ἔγωγε
681 1734 749 1794 τοῖν
763 1728 1041 1813 κατηγορημένων
1058 1733 1109 1786 31²

83 1824 305 1914 ἠγανάκτησα
311 1873 321 1907 ,
340 1823 479 1909 μάλιστα
491 1821 526 1890 δὲ
536 1818 634 1908 ἡνίκα
647 1819 761 1910 ᾐτιᾶτό
771 1849 812 1909 με
823 1822 906 1890 εἰναι
916 1821 1041 1907 προδό-

84 1949 167 2012 την·
190 1920 257 2010 άμα
272 1923 337 2008 γάρ
349 1936 418 2000 ταῖς
429 1928 544 2000 αἰτίαις
556 1921 691 2000 ταύταις
704 1927 853 2008 φανῆναί
865 1946 904 2006 με
916 1923 966 1986 δεῖ
975 1929 1042 2004 θη-

85 2023 193 2108 ριύδη
210 2023 265 2090 καί
281 2021 343 2107 τήν
366 2019 477 2107 ψυχήν
497 2019 663 2106 άστοργον
685 2023 740 2089 καί
761 2028 894 2099 πολλοῖς
920 2020 1041 2103 ἑτέροις

85 2120 298 2209 ἁμαρτήμασι
307 2121 481 2207 πρότερον
498 2126 624 2206 ἔνοχον.
646 2128 708 2212 τοῦ
725 2119 787 2206 μὲν
797 2110 860 2187 ούν
870 2120 955 2204 ἐμοῦ
964 2122 1042 2205 βίον

87 2225 143 2290 καί
155 2228 213 2307 τῆς
223 2217 304 2288 καθ’
324 2217 451 2307 ἡμέραν
462 2224 586 2307 διαίτης
596 2217 684 2306 ύμοῖς
695 2218 894 2307 δοκιμαστὰς
905 2218 1041 2296 ίκανούς

88 2319 173 2388 εἰναι
183 2327 319 2408 νομίζω·
331 2317 352 2388 δι’
363 2319 396 2389 δ’
407 2322 475 2390 ἐστὶ
484 2335 552 2399 τοῖς
563 2319 624 2408 μὲν
635 2329 768 2399 πολλοῖς
779 2315 962 2402 ἀσύνοπτα,
976 2330 1042 2392 τοῖς

90 2419 126 2488 δὲ
137 2433 289 2505 χρηστοῖς
297 2417 356 2498 τάς
368 2417 476 2504 ψυχάς
492 2421 643 2505 μέγιστα,
664 2419 795 2486 τούτων
805 2415 886 2502 ύμῖν
897 2413 937 2482 τοὶ
950 2423 1041 2480 πλεῖ

87 2541 150 2586 στα
166 2520 221 2586 καί
237 2525 347 2595 καλῶς
364 2523 479 2602 ἔχοντα
497 2522 532 2584 ἐκ
545 2525 614 2585 τῶν
625 2521 714 2603 ἐμεῖν
725 2514 810 2600 ὁρᾶν
820 2513 1040 2599 άναβιβῶμαι,

86 2614 132 2683 ἵν’
149 2619 255 2702 εἰδῆτε
266 2612 324 2694 τὰς
340 2611 419 2699 ἐμάς
437 2613 733 2699 παρακαταθήκας,
756 2608 794 2689 ἃς
811 2620 897 2678 οίιιοι
908 2617 1042 2678 καταλο-

30 2725 70 2781 147
86 2712 161 2782 πάιν
173 2719 219 2792 εἰς
229 2715 448 2780 Μακεδονίαν
459 2714 671 2796 ἐπρέσβευσα.
694 2707 737 2777 σύ
755 2706 907 2795 μὲνγὰρ,
931 2700 958 2774 οἰ
968 2717 1042 2792 Δη-

86 2812 268 2898 μόσθενες,
289 2816 393 2878 ταῦτα
404 2809 537 2878 ἐπλάσω
548 2807 600 2876 ἐπ’
613 2808 685 2893 ἐμὲ,
709 2805 772 2892 ἐγώ
785 2803 816 2874 δ’
831 2802 875 2886 οἱς
886 2805 1040 2874 ἐπαιδεύ-
1058 2824 1107 2880 31³

86 2921 154 2998 δην
171 2914 225 2978 καὶ
244 2915 378 2990 δικαίως
395 2910 601 2996 ἐξηγήσομαι.
627 2906 741 2976 ούτοσί
758 2911 819 2995 μέν
830 2933 887 2995 μοι
896 2909 965 2976 ἐστὶ
976 2931 1041 2974 πα-

88 3010 148 3097 τὴρ
167 3009 379 3096 Ἀτρόμητος,
403 3007 523 3095 σχεδὸν
546 3008 772 3095 πρεσβύτατος
788 3015 857 3074 τοῖν
878 3013 1038 3072 πολιτῶν·

87 3115 139 3197 ἔτη
157 3107 224 3197 γάρ
240 3109 305 3198 ήδη
328 3117 491 3198 βεβίωκεν
511 3109 711 3195 ἐνενήκοντα
728 3109 784 3175 καί
810 3108 962 3190 τέτταρα,
985 3103 1041 3171 καί

87 3215 297 3298 συμβέβηκεν
308 3207 397 3297 αὐτῷ
416 3213 480 3296 νέφ
491 3207 552 3293 μὲν
563 3205 651 3291 ὄντι,
664 3209 743 3291 πρὶν
753 3202 816 3290 τήν
827 3199 945 3270 ούσίαν
955 3201 1039 3269 ἀπο-

88 3312 179 3376 λέσαι
196 3307 251 3376 διά
263 3309 323 3376 τὸν
335 3307 498 3392 πόλεμον,
515 3305 634 3374 άθλεῖν
644 3311 690 3390 τῷ
701 3303 844 3388 σάματι,
867 3301 1040 3369 ἐκπεσόντι

89 3409 123 3476 δὲ
139 3405 207 3477 ὑπὸ
226 3415 295 3476 τῶν
311 3405 487 3490 τριάκοντα
505 3401 744 3487 στρατεύεσθαι
762 3401 822 3486 μὲν
833 3403 870 3468 ἐν
880 3406 923 3487 τή
935 3395 1038 3488 Ἀσίη,

89 3503 275 3589 ἀριστεύειν
293 3503 325 3573 δ’
344 3506 380 3572 ἐν
399 3519 465 3582 τοῖς
482 3503 668 3586 κινδύνοις,
691 3499 775 3568 εἰναι
796 3496 827 3566 δ’
846 3501 883 3567 ἐκ
901 3506 1039 3584 φατρίας
