2450 3950
196 229 256 292 ινα
523 277 527 286 ,
615 181 743 278 ιεετοο
1072 214 1126 278 οι.
1142 225 1165 276 ο.

196 391 302 465 πολλά
324 389 455 482 κάγαθά
478 390 598 466 παθοδν
621 390 686 465 ἀπὸ
711 395 926 488 Θεοφράστου
954 399 1020 467 τοῦ
1044 395 1166 488 πατρδς

197 498 259 564 τοῦ
277 497 367 585 ἐμοῦ,
385 490 440 564 ὅτε
456 510 567 586 χεῖρον
579 500 734 587 ἔπραττες
750 491 772 584 ή
789 505 879 586 νυνί,
897 499 953 568 καὶ
964 492 1037 566 ὑπὸ
1054 493 1163 567 Ἀστυ

199 602 317 684 φίλου,
341 589 505 687 οὐδετέρῳ
528 591 645 666 αὐτοῖν
660 592 722 682 τήν
744 592 840 680 ἀξίαν
856 594 953 688 χάριν
971 592 1163 679 ἀποδίδως·

199 695 256 784 ἐμὲ
272 691 388 786 μδν
349 724 413 785 γαρ
429 723 451 762 υ
453 691 505 764 ίδν
521 691 601 765 ὄντα
618 693 849 787 Θεοφράστου,
875 700 987 788 σαυτῷ
1007 698 1051 766 δὲ
1070 692 1161 766 ἀδελ-

116 787 143 840 ·’
197 800 342 885 φιδουν,
362 791 552 884 ἀποστερεῖς
569 792 592 863 6
607 823 662 920 ροι
679 794 768 866 oc'
727 825 822 886 νομοι
839 802 977 885 ἔδοσαν,
1003 792 1162 885 Ἀστυφί

197 905 260 966 λου
286 896 323 964 δὲ
344 898 526 975 τεθνεοιτος
554 885 763 986 κατάψεήδη,
792 893 904 966 καὶ
870 925 906 967 το
929 893 1013 966 κατά
1039 893 1161 966 σαυτδν

200 999 297 1086 μέρος
313 993 391 1075 τοδς
409 997 580 1084 ἐχθίστους
597 1003 757 1082 καθίστης
773 1000 841 1067 τοῖν
860 999 988 1066 ἐκείνου
998 993 1161 1118 κληρονό-

41 1124 43 1132 ’
146 1115 183 1166 24
199 1123 290 1216 μρυς.
319 1098 374 1164 καὶ
388 1095 549 1217 πρὶνμὲν
529 1099 729 1185 νληχθήναι
746 1124 805 1166 του
793 1095 964 1187 ’κλήρου,
984 1125 1010 1165 ω
998 1087 1158 1216 ἄνδρες,

200 1223 239 1264 ευ
228 1185 397 1275 εἰδῶς’
381 1224 399 1266 ο
418 1190 622 1286 Ἱεροκλής”
603 1223 653 1264 οτι
682 1191 797 1284 οὐδενὶ
824 1193 913 1290 ἀλλφ
941 1203 1098 1285 γίγνοιτο
1125 1193 1161 1264 τά

196 1289 447 1385 Ἀστυφίλου’1
426 1323 447 1382 η
477 1298 564 1417 ἐμφί,
594 1299 630 1365 ἐν
657 1279 795 1386 μέρει
778 1294 904 1390 εκάστφ
933 1299 1001 1366 τοῖν
1028 1301 1104 1366 ἐκεί
1089 1304 1158 1366 ίνου

198 1399 394 1484 ἐπιτηδείων
416 1393 553 1485 προσῄει
575 1399 696 1465 πωλιόν
717 1394 753 1466 τδ
770 1401 903 1489 πρᾶγμα
924 1398 980 1466 καὶ
1003 1394 1090 1478 τοδς
1106 1391 1158 1465 06-

200 1496 259 1568 δέν
285 1493 508 1586 προσήκοντας
537 1502 666 1566 πείθων
701 1492 938 1586 ἀμφισβητεῖν,
968 1491 1131 1584 λέγων”
1113 1523 1158 1564 οτι

199 1609 292 1676 θεῖος
310 1606 360 1684 εἴη
375 1589 560 1689 Ἀστυφίλφ
577 1597 631 1666 καί
643 1593 813 1687 ἀποφανοί
811 1626 832 1685 η
846 1595 1009 1686 διαθήκας
1029 1600 1157 1666 ἐκεῖνον

199 1693 471 1785 καταλελοιπότα,
497 1706 531 1765 εί
550 1725 599 1778 τις
622 1692 713 1790 αντοῖ
740 1696 945 1768 κοινώσοιτο·
976 1693 1097 1784 ἐπειδή
1123 1695 1156 1762 δὲ

198 1793 282 1888 πρὸς
304 1797 442 1866 Κλέωνα
466 1767 729 1921 διωμολογήσατο
756 1800 901 1868 καὶτῶν
923 1799 984 1866 τοῦ
1006 1793 1158 1884 ἀδελφον

200 1900 380 1988 ἐμερίσατο,
398 1893 512 1982 vvvz‘
488 1926 532 1979 ως
550 1894 661 1986 ἀληθῆ
671 1899 776 1986 λέγων
787 1893 917 1980 ἀξιώσει
928 1894 1154 1982 πιστεύεσθαι

202 2003 293 2068 δοκεῖ
310 1999 350 2066 δέ
364 2026 418 2087 μοι
435 1993 498 2068 κάν
514 1994 631 2087 ὀμόσαι
647 1994 804 2086 ἀσμενος,
824 2008 860 2067 εί
872 2026 921 2078 τις
946 1993 1040 2089 αάτοῖ
1057 2021 1153 2118 ρρκον

148 2109 182 2162 25
201 2103 290 2167 διδοί
275 2105 317 2185 ίη.
353 2100 409 2166 καὶ
428 2100 497 2186 ἐμοὶ
514 2099 576 2188 μὲν
592 2095 754 2186 συγγενής
772 2090 820 2168 66
836 2093 969 2167 0666
932 2125 972 2166 τα
989 2094 1153 2185 γενόμενα

201 2199 308 2267 ἐθέλει
329 2213 527 2287 μαρτυρεῖν,
546 2188 579 2290 66
602 2193 635 2266 δ’
658 2192 760 2268 οὐδὲν
782 2194 957 2288 προσήκει,
986 2197 1096 2290 τούτῳ
1117 2189 1151 2262 τά

200 2299 310 2384 ψευδῆ
331 2294 555 2385 συλλαμβάνει
576 2300 631 2366 καὶ
653 2299 720 2366 τάν
743 2294 784 2366 06
814 2301 1031 2388 πραχθέντων
1054 2323 1151 2386 γραμ-

112 2433 115 2438 ·
199 2412 333 2487 ματεῑον
350 2392 423 2484 ήκει
441 2399 568 2488 φέρων·
592 2393 677 2468 πολδ
693 2394 758 2487 γάρ
775 2395 1049 2489 προύργιαίτερον
1067 2392 1150 2485 ήγεῑ-

199 2525 253 2568 ται
279 2495 364 2567 εἶναι
386 2493 423 2568 τδ
445 2504 700 2588 χρηματίζεσθαι
721 2492 822 2585 ήτήν
845 2495 926 2588 ἐμήν
947 2501 1148 2586 συγγένειαν.

201 2593 246 2679 ἀς
265 2597 302 2668 δὲ
320 2599 537 2686 ἐπηγγέλλετο
561 2595 697 2690 περιιδν
716 2596 879 2685 διαθήκας
895 2594 1099 2687 ἀποφανεῖν,
1123 2600 1152 2660 εἰ

200 2727 249 2780 τις
263 2693 357 2791 αὐτῷ
372 2696 573 2787 κοινώσοιτο,
592 2695 713 2780 αὐτους
730 2695 812 2789 ὑμῖν
829 2694 879 2779 οἷς
891 2701 1062 2790 προσήλθε
1073 2692 1149 2788 μάρ

199 2827 300 2888 τνρας
317 2800 504 2888 παρέξομαι.

572 2961 779 3013 ΜΑΡΤΤΡΕΣ.

148 3112 183 3166 26
280 3106 322 3170 Τί
335 3087 398 3171 οὖν
414 3097 493 3190 χρή,
513 3127 539 3168 ω
527 3089 733 3190 ἀνδρες,”
715 3128 819 3189 ονομα
835 3101 959 3170 θέσθαι
980 3097 1087 3192 τούτῳ
1103 3095 1145 3186 τά

76 3203 80 3212 ’
200 3197 317 3292 ἀνδρί,
334 3197 423 3281 ὅστις
441 3196 607 3270 ὲθέλει”
566 3228 652 3270 ουτω
670 3193 794 3293 ῥᾳδίως
811 3197 918 3271 διά
884 3229 921 3271 το
939 3203 1063 3270 εαυτοά
1077 3204 1142 3284 κε’ρ·

202 3308 259 3384 δος
285 3304 359 3376 τοῖν
380 3298 574 3372 τεθνεώτων
602 3297 691 3382 τινδς
717 3300 1003 3386 καταψεύδεσθαι,
1028 3295 1084 3381 Ὡς
1110 3293 1142 3364 66

200 3398 282 3474 οὐδὲ
298 3403 428 3473 Κλέωνι
450 3415 570 3493 προῖκα
586 3397 643 3482 τάς
649 3399 828 3525 διαθήκας
850 3397 1045 3491 ἀποφαίνει,
1067 3387 1141 3470 ἀλλά

199 3499 323 3594 μισθδν
346 3512 498 3601 εἴληφεν,
527 3497 610 3624 αὕτη
638 3497 719 3593 ὑμῖν
740 3497 760 3591 ή
782 3510 945 3644 μαρτυρία
965 3497 1006 3572 06
1031 3491 1141 3590 μικρὸν
