2442 3948
191 236 237 297 ,64
435 251 439 256 ’
603 229 731 282 ΙΣΑΙΟΤ
814 311 816 316 Α
1047 239 1098 290 012,
1116 236 1141 293 5,

193 403 256 471 καὶ
269 401 380 486 ἑτέρας
397 403 555 488 μηδεμιᾶς
572 395 892 488 ὁμολογουμένης
861 391 975 523 mah,
990 424 1075 468 κατα
1062 390 1144 463 δό-

193 523 249 571 σιν
266 529 327 589 μεν
344 495 458 570 οὐδενὶ
475 503 618 590 προσήκε
634 527 694 570 του
682 498 848 621 ’κλήρου,
866 497 938 567 κατ’
957 496 1144 614 ἀγχιστείαν

196 601 234 671 δέ
250 616 321 681 ταῖς
337 602 575 688 Δικαιογένους
586 603 647 669 του
663 595 888 680 ἀποθανόντος
906 595 1082 689 ἀδελφαῖς,
1102 621 1145 664 ων

195 708 281 771 εἰσιν
307 706 344 770 αλ
365 696 518 818 ήμέτεροιε
542 703 685 822 μητέρες.
732 697 787 770 διά
813 701 850 772 δδ
875 705 978 770 ταῦτα
1004 699 1102 780 ἔδοξέ
1115 719 1146 763 τε

194 795 274 890 ήμῖν
300 811 422 930 λαχεῖν
437 805 498 870 τοό
522 800 645 892 κλήρου
670 796 742 871 κατ’
769 796 974 924 ἀγχιστείοιν,
1001 804 1060 870 καὶ
1081 792 1146 870 ε’λά·

193 928 294 990 χομεν
318 899 355 972 τό
380 903 477 992 μέρος
502 904 644 983 ἕκαστος.
679 898 867 990 μελλόντων
889 897 962 970 δ
944 931 1039 1023 ημων
1057 891 1146 970 ἀντό-

115 1053 117 1066 ,
194 1015 343 1124 μνυσθαο
362 999 601 1123 διεμαρτόρησε
613 999 790 1091 Λεωχάρης
806 995 978 1071 οὑτοσὶ
936 1030 981 1090 μη
1000 1006 1147 1071 ἐπίδικον

145 1114 177 1165 17
195 1099 338 1170 εἶναι
305 1131 363 1172 τον
388 1097 622 1193 κλήρου-ἡμῖν.
658 1104 930 1190 ἐπισκηψαμένων
958 1099 989 1171 δ’
1016 1093 1146 1191 ήμωνή

194 1202 256 1289 μὲν
272 1206 362 1290 λήξις
378 1203 439 1271 τοῦ
455 1206 578 1294 κλήρου
592 1200 764 1292 διεγράφη,
783 1197 804 1289 ή
823 1203 861 1271 δέ
876 1205 944 1272 τοῖν
961 1209 1146 1292 ψευδομαρ

194 1307 318 1392 τνριιόν
338 1309 413 1389 δίκη
432 1300 543 1392 είσήει.
573 1305 608 1371 ἐν
627 1303 664 1371 δέ
680 1306 727 1392 τῷ
746 1309 944 1396 δικαστηρίῳ
962 1301 1074 1373 πάντα
1091 1302 1146 1392 μέν

195 1396 290 1490 ήμοῖν
316 1401 477 1473 εἰπόντων
502 1399 524 1471 ά
548 1427 609 1489 περ
635 1410 729 1490 νυνί,
757 1399 862 1471 πολλά
889 1403 926 1472 δὲ
952 1401 1146 1493 Λεωχάρους

195 1497 561 1602 ἀνταπολογησαμένου,
589 1507 738 1589 ἔγνωσαν
759 1500 800 1575 τά
816 1506 927 1591 ψευδή
943 1508 1146 1626 μαρτορήσαι

171 1645 172 1648 =
195 1601 376 1693 Λεωχαρην
393 1630 411 1671 ο
414 1607 596 1673 ί.δικασταί
625 1600 737 1690 ἐπειδή
750 1603 788 1671 δὲ
803 1607 899 1673 τοῦτο
917 1602 1067 1696 φανερόν
1085 1604 1146 1691 ἐγί-

196 1728 270 1770 νετο
289 1706 582 1792 ἐξαιρεθεισων’
534 1731 602 1774 των
619 1701 769 1825 ψήφων,
784 1733 806 1772 α
791 1700 946 1825 ’,ε’μέν
900 1733 967 1774 των
985 1707 1146 1776 δικαστῶν

196 1803 251 1870 καὶ
277 1799 370 1893 ήμων
398 1802 521 1892 ἐδεήθη
546 1802 722 1894 Λεωχάρης
748 1798 769 1891 ή
794 1799 856 1874 όσα
881 1797 961 1894 ήμῑν
987 1807 1145 1926 ἑξεγέοετο

198 1903 440 2026 διαπράξοσθαι
466 1902 556 1992 τότε,
583 1901 645 1973 οὐκ
668 1900 783 1974 οἷδ’
764 1932 831 1973 οτι
851 1910 904 1975 δεῖ
918 1905 1046 1994 λέγειν,
1075 1935 1097 1974 α
1081 1902 1147 1972 ’δέ

147 2013 180 2065 18
197 1997 395 2094 ὡμολογήθη
420 1999 516 2094 ήμῐν,
543 2007 647 2074 ταῦτα
673 1999 844 2096 ἀκούσατε.
886 2005 1147 2095 συγχωρούντων

196 2099 259 2194 γάρ
277 2101 371 2195 ήμων
387 2109 435 2198 τῷ
459 2101 591 2195 ἄρχοντι
615 2101 898 2198 μήσυναριθμεῖν
915 2101 997 2176 ἀλλά
1015 2107 1147 2195 συγχέαι

197 2199 255 2283 τάς
272 2203 421 2293 ψήφους,
447 2198 607 2300 ἀφίστατο
632 2205 694 2293 μὲν
710 2207 929 2328 Λικιιιογένης
954 2222 1026 2276 τοῖν
1056 2215 1145 2278 δυοῖν

197 2320 312 2426 μεροῖν
328 2332 388 2374 του
378 2301 530 2395 ’κλήρου
546 2320 618 2386 ταῖς
634 2307 871 2394 Λικαιογένους
889 2302 1069 2398 ἀδελφαῖς,
1097 2305 1146 2375 καὶ

198 2398 358 2493 ὁμολόγει
374 2401 649 2528 άναμγισβήτητα
657 2401 911 2528 παραδοίσειν’
892 2423 972 2496 ημῖν
988 2411 1095 2478 ταῦτα
1110 2400 1145 2475 τά
1163 2449 1166 2454 -

197 2508 294 2594 μέρη·
326 2507 381 2574 καὶ
412 2508 516 2576 ταότα
541 2501 684 2629 ήγγνοῖτο
710 2503 811 2577 αὐτόν
836 2506 1012 2598 Λεωχάρης
1037 2505 1145 2578 οὑτοσὶ

137 2630 140 2636 ·
198 2607 253 2674 καὶ
279 2604 445 2696 ποιήσειν,
472 2602 513 2678 06
538 2605 636 2697 μόνος
661 2602 744 2678 ἀλλά
768 2609 824 2678 καλ
823 2598 1145 2730 Μνησιπτόλεμοςὸ

198 2707 401 2790 Πλωθειεάς.
445 2712 501 2779 καλ
525 2705 654 2780 τοάτωυ
678 2703 759 2796 ὑμῖν
774 2704 851 2788 τούς
868 2706 1035 2801 μάρτυρας
1051 2706 1145 2798 παρέ

199 2810 300 2895 ξομαι.
380 2899 382 2903 ι

569 2953 775 3004 ΜΑΡΤΤΡΕΣ.

150 3110 181 3162 19
269 3100 378 3206 Ἡμεῖς
403 3112 518 3177 τοίνυν
538 3109 666 3229 ταότο
672 3107 836 3188 παθόντες
859 3102 924 3177 ὑπό
942 3107 1143 3227 Λεωχάρους,

197 3207 254 3276 καὶ
272 3199 515 3329 ἐγγενόμενου’
497 3223 576 3299 ημῖν
592 3203 695 3278 αὐτόν
707 3206 819 3298 ἐπειδή
838 3213 967 3298 εἵλομεν
984 3238 1050 3280 των
1068 3227 1144 3291 ψευ-

199 3303 462 3407 δομαρτνριων’
443 3330 613 3398 ατιμωσαι,
630 3303 702 3378 οὐκ
711 3307 949 3438 ἐβουλήθημεν,
968 3305 1040 3380 ἀλλ’
1060 3306 1144 3398 ἐξήρ

198 3428 275 3476 κεσε
291 3405 331 3477 τά
348 3404 489 3532 ήμέτερα
505 3405 585 3498 ήμῖν
602 3413 830 3498 κομισαμένοις
843 3405 1057 3540 ἀπηλλάχθαι.
1084 3436 1144 3478 τοι

146 3500 150 3509 ’
197 3509 288 3578 οὗτοι
316 3508 353 3578 δε
378 3507 552 3599 γενόμενοι
567 3512 642 3600 περὶ
659 3509 839 3603 Λεωχάρην
857 3513 911 3579 και
929 3512 1144 3599 Δικαιογένην
