2510 3948
323 295 458 352 ΚΑΤΑ
477 293 859 354 ΚΤΗΣΙΦΩΝΤΟΣ.
1003 293 1064 358 185

106 462 209 540 λομαι
220 467 398 538 προειπεῖν.
411 451 629 538 πυνθάνομαι
637 448 702 536 γάρ
713 453 818 532 λέξειν
824 458 1063 541 Δημοσθένην,

108 551 186 640 ὠςὴ
197 555 294 633 πόλις
304 551 366 621 ὑπ’
377 550 482 622 αὐτοῦ
493 551 556 638 μὲν
575 548 740 636 ἀφέληται
755 550 879 638 πολλά,
901 551 962 620 ὑπ’
981 556 1065 639 έμού

109 651 147 720 δέ
160 656 442 739 καταβέβλαπται,
463 647 589 719 καὶτὸν
600 655 767 718 Φίλιππον
778 651 832 718 καί
842 650 903 717 τὸν
910 647 1064 732 Ἀλέξαν-

107 757 193 837 δρον
203 756 258 820 καὶ
267 750 326 831 τὰς
336 749 401 820 ἀπὸ
413 752 544 821 τούτων
552 756 656 829 αἰτίας
671 748 819 819 ἀνοίσειν
830 747 882 818 ἐπ’
897 752 962 837 έμέ.
974 752 1062 820 ούτω

105 851 174 936 γάρ
186 853 292 935 ἐστιν,
317 848 361 930 ὥς
372 858 475 937 έοικε,
496 846 606 928 δεινός
616 847 818 936 δημιουργός
829 849 957 934 λόγων,
980 847 1063 918 ὥστε

107 947 172 1017 ούκ
190 945 318 1036 ἀπόχρη
338 949 445 1038 αύτῷ,
468 960 501 1018 εί
513 975 545 1017 τι
560 955 795 1034 πεπολίτευμαι
812 946 894 1035 παρ’
905 944 1061 1034 ύμίνέγύ

106 1043 132 1132 ἢ
155 1057 286 1126 είτινας
307 1052 508 1134 δημηγορίας
536 1056 669 1134 εἴρηκα,
700 1048 831 1116 τούτων
854 1062 1060 1134 κατηγορεῖν,

17 1161 87 1217 216
109 1144 195 1214 ἀλλά
212 1149 266 1214 καί
283 1143 346 1232 τὴν
361 1142 503 1232 ἡσυχίαν
519 1171 586 1232 μου
601 1153 661 1213 τοῦ
671 1152 748 1234 βίου
759 1147 929 1233 διαβάλλει
939 1151 995 1215 καί
1005 1155 1062 1234 τῆς

108 1251 236 1329 σιωπῆς
246 1270 312 1330 μου
325 1258 516 1332 κατηγορεί,
535 1248 591 1312 ἵνα
602 1247 714 1331 μηδείς
723 1242 814 1332 αύτῷ
825 1243 926 1324 τόπος
937 1243 1061 1312 ἀσυκο-

107 1343 275 1430 φάντητος
297 1350 550 1432 παραλείπηται,
573 1346 629 1412 καὶ
645 1345 705 1423 τάς
721 1347 758 1411 έν
778 1357 846 1423 τοῖς
866 1350 1063 1430 γυμνασίοις

109 1440 193 1528 μετά
202 1451 270 1509 τῶν
282 1445 454 1529 νεωτέρων
465 1469 531 1529 μου
543 1441 712 1532 διατριβάς
722 1446 993 1536 καταμέμφεται,
1007 1444 1062 1510 καὶ

106 1540 192 1608 κατὰ
213 1546 314 1629 τῆσδε
334 1551 392 1627 τῆς
409 1549 548 1626 κρίσεως
562 1540 669 1620 εὐθύς
686 1539 869 1630 ἀρχόμενος
884 1541 1061 1626 τοῦλόγου

107 1642 203 1724 φέρει
211 1639 285 1707 τινὰ
298 1646 416 1726 αἰτίαν,
429 1642 545 1724 λέγων,
558 1637 601 1718 ὡς
610 1641 673 1726 ἐγώ
684 1639 747 1728 τὴν
756 1640 893 1734 γραφήν
902 1638 963 1725 οὐχ
974 1637 1060 1726 ὑπὲρ

105 1745 166 1824 τῆς
177 1739 304 1817 πόλεως
315 1739 526 1825 ἐγραψάμην,
549 1737 623 1806 ἀλλ’
643 1741 896 1826 ἐνδεικνύμενος
906 1738 1058 1818 Ἀλεξάν-
1075 1746 1128 1802 611

23 1853 85 1910 ἨΊ
108 1843 179 1926 δρῳ
191 1837 245 1904 διά
255 1835 317 1922 τὴν
333 1835 535 1922 πρόςαύτὸν
552 1841 687 1923 ἔχθραν.
710 1841 766 1906 καὶ
783 1839 823 1923 κη’
838 1843 908 1922 Δί’,
934 1836 978 1915 ὡς
996 1836 1059 1922 έγάι

107 1935 341 2020 πυνθάνομαι,
351 1938 461 2020 μέλλει
471 1961 511 2023 με
522 1934 712 2023 ἀνερωτᾶν,
725 1934 779 2004 διά
790 1943 824 2004 τί
831 1934 867 2004 τό
879 1935 941 2020 μὲν
952 1935 1061 2020 κεφά-

106 2046 205 2103 λαιον
214 2043 272 2120 τῆς
283 2043 446 2115 πολιτείας
456 2035 562 2104 αὐτοῦ
579 2040 685 2122 ψέγω,
707 2033 748 2103 τά
767 2034 803 2104 δὲ
818 2031 900 2103 καθ’
919 2036 1061 2104 ἕκαστον

106 2131 170 2201 οὐκ
181 2133 330 2202 ἐκώλυον
341 2132 416 2202 οὐδ’
429 2135 633 2222 ἐγραφόμην,
647 2134 730 2204 ἀλλὰ
742 2133 904 2204 διαλυτόν
913 2132 1060 2218 καὶπρὸς

107 2229 169 2318 τὴν
184 2240 352 2302 πολιτείαν
368 2234 409 2301 ού
427 2233 539 2302 πυκνά
557 2233 705 2318 προσιών
721 2232 893 2322 ἀπήνεγκα
904 2233 966 2320 την
976 2260 1060 2322 γρα-

109 2329 187 2416 φήν.
210 2330 275 2416 έγω
298 2331 334 2399 δέ
356 2331 433 2400 ούτε
452 2332 512 2413 τάς
535 2335 780 2421 Δημοσθένους
800 2330 970 2418 διατριβάς
985 2332 1059 2416 ἐζη-

106 2439 212 2511 λωκα,
235 2429 307 2498 οὔτ’
328 2433 382 2500 ἐπὶ
398 2446 468 2510 ταίς
483 2435 628 2518 ἐμαυτοῦ
649 2434 861 2517 αἰσχύνομαι,
884 2430 960 2499 ούτε
981 2429 1060 2507 τοὺς

107 2529 299 2614 είρημένονς
320 2531 358 2596 έν
353 2526 462 2651 ὑμῖν
485 2529 643 2649 λόγρυς’
627 2535 757 2619 εμαυτῷ
785 2525 950 2614 ἀρρήτους
973 2527 1058 2597 εἰναι

103 2633 304 2714 βουλοίμην,
328 2626 405 2695 ούτε
421 2624 462 2695 τά
480 2625 564 2695 αὐτά
575 2628 682 2717 τούτῳ
699 2629 931 2715 δημηγορήσας
943 2627 1055 2707 έδεξά-
1072 2623 1127 2694 '612

37 2745 89 2800 218
108 2750 175 2811 μην
185 2721 229 2794 ἀν
242 2731 309 2813 ζην.
322 2752 384 2812 την
396 2724 428 2793 δ
439 2725 523 2812 έμην
534 2724 673 2812 σιωπην,
687 2753 711 2794 ω
701 2717 984 2813 Δημόσθενες,“
965 2753 987 2811 η
999 2733 1060 2792 τοῦ

106 2828 185 2910 βίον
203 2824 375 2910 μετριότης
393 2824 656 2911 παρεσκεύασεν·
679 2822 777 2910 ἀρκεῖ
795 2822 860 2911 γάρ
881 2849 938 2910 μοι
957 2821 1059 2910 μικρά

105 2926 160 2990 καί
181 2923 343 3010 μειζόνων
361 2929 503 3010 αίσχρεδς
520 2921 583 2992 ούκ
600 2921 822 3010 έπιθνμιό,”
794 2945 878 2992 ωστε
900 2925 955 2991 καί
977 2944 1059 3007 σιγιι

72 3071 78 3086 .
105 3023 161 3088 καὶ
182 3025 267 3108 λέγω
293 3023 578 3108 βουλευσάμενος,
611 3019 686 3090 ἀλλ’
708 3019 771 3090 ούκ
793 3018 1059 3106 ἀναγκαζόμενος

105 3115 170 3186 ὑπὸ
182 3126 241 3207 τῆς
253 3123 290 3187 έν
300 3126 340 3207 τῇ
352 3119 453 3204 φύσει
464 3120 622 3206 δαπάνης.
636 3117 679 3186 οὐ
694 3115 738 3204 δ’,
752 3113 858 3203 οἶμαι,
871 3116 984 3203 λαβών
996 3116 1057 3201 μὲν

106 3225 296 3306 σεσίγηκας,
315 3216 491 3298 ἀναλύσας
502 3221 538 3288 δέ
549 3223 721 3304 κέκραγας.
737 3219 839 3301 λέγεις
851 3215 886 3284 δὲ
899 3213 961 3300 ούχ
971 3213 1060 3283 ὁπό-

104 3345 166 3388 ταν
178 3338 232 3387 σοι
242 3323 327 3406 δοκῇ
338 3314 413 3384 οὐδ’
427 3313 449 3383 ά
458 3318 591 3403 βούλει,
612 3313 687 3384 ἀλλ’
704 3311 831 3384 ὁπόταν
842 3317 877 3382 οἱ
891 3313 1057 3398 μισθοδό-

104 3441 156 3484 ται
172 3437 226 3484 σοι
243 3414 505 3502 προστάττωσιν·
528 3412 591 3482 ούιι
609 3410 749 3499 αἰσχύνη
767 3413 802 3478 δὲ
815 3407 1056 3496 ἀλαζονευόμε-

40 3531 88 3586 219
105 3543 178 3600 νος,
205 3513 226 3582 ἀ
247 3521 446 3602 παραχρῆμα
465 3516 614 3600 έξελέγχη
634 3510 852 3596 ψευδόμενος.
882 3507 1054 3595 ἀπηνέχθη
