2442 3948
62 296 89 344 p.
110 277 153 330 οο.
205 278 297 329 nm
314 267 707 332 τουύιιοκτειιιοκοε
723 279 887 333 mmor.
982 283 1021 347 81

58 440 156 521 οὗτοι
182 451 283 519 λῦσαι
309 445 411 519 αὐτόν
437 457 588 539 ἔπεισαν,
615 446 810 522 ἀποδίδοται
836 447 939 542 ἀγρόν
961 451 1024 542 μέν

58 548 222 640 Ἀθμονοῑ
250 553 347 620 πέντε
379 552 434 620 καλ
462 551 690 641 ἑβδομήκοντα
711 554 805 641 μνοδν
824 548 1022 641 Ἀντιφάνει,

59 650 100 722 τό
118 648 152 722 δ’
173 653 211 720 έν
235 659 415 744 Σηραμνίρι
438 660 616 740 βαλανείου
640 659 829 743 τρισχιλίων
844 649 1023 743 Ἀριστολό-

61 772 127 846 χῳ·
155 759 267 822 οίκίαν
294 753 331 822 δὲ
358 755 395 822 έν
411 749 502 822 ἄστει
527 751 692 844 τεττάρων
709 755 764 823 καλ
780 751 1024 843 τεσσαράκοντα

60 856 162 942 μνοῖν
190 847 414 942 ὑποκειμένην
436 849 581 924 ἀπέλυσε
611 857 660 948 τῷ
685 852 873 946 ίεροφάντη.
915 859 963 923 έτι
987 856 1024 924 δὲ

60 954 161 1042 αἶγας
177 948 318 1024 ἀπέδοτο
341 950 405 1024 σόν
422 958 522 1076 τρῖί
485 984 506 1024 α
508 953 611 1048 ίπόλῳ
628 959 729 1044 τριοίν
745 958 802 1025 καὶ
821 958 902 1024 δέκα
918 958 1023 1044 μναῖν,

61 1057 120 1124 καλ
146 1053 244 1142 ζεύγη
271 1052 374 1124 δόυ’
357 1053 468 1144 ορικά,
494 1084 531 1125 το
520 1052 642 1144 μδν’
625 1053 710 1126 οκτιδ
727 1083 821 1143 μνων
837 1085 874 1126 το
863 1053 930 1126 δέ
947 1081 1024 1126 πεν-

61 1153 207 1242 τήκοντα
224 1157 279 1224 καὶ
297 1161 521 1239 πεντακοσίων
541 1160 711 1247 δραχμων,
730 1158 785 1225 καλ
804 1154 1025 1278 δημιουργούς

61 1277 137 1326 οσοι
153 1245 240 1344 ἦσαν
258 1252 359 1349 αότω.
396 1254 573 1346 σύμπαντα
590 1258 628 1326 δὲ
644 1264 795 1337 πλείονος
812 1251 833 1345 ἢ
850 1285 952 1347 τριων
968 1285 1025 1328 τα·
1041 1269 1076 1322 34

62 1355 211 1445 λα’ντων,
238 1383 259 1424 α
290 1355 419 1448 έπράθη
446 1355 502 1426 διδ
517 1359 644 1447 ταχέων
660 1355 750 1430 πάνυ
766 1356 1024 1445 τελευτήσαντος

62 1455 319 1546 Φιλοκτήμονος.
373 1460 428 1527 καὶ
461 1455 564 1528 ταυθ’
599 1455 649 1529 ότι
675 1455 787 1548 ἀληθῆ
811 1461 914 1547 λέγω,
941 1454 1021 1529 καθ’

61 1561 204 1628 ἕκαστον
220 1553 302 1646 δμῑν
319 1561 387 1628 τόν
405 1562 588 1650 εἰρημένων
604 1563 736 1650 πρῶτον
753 1563 845 1630 καλοῖ
854 1557 932 1640 τυδς
942 1557 1023 1652 μόρ-

59 1687 174 1748 τυρας.

441 1807 647 1858 ΜΑΡΤΤΡΕΣ.

143 1962 258 2030 Ταότα
283 1963 345 2051 μὲν
372 1959 413 2050 δή
430 1965 550 2052 τοῦτον
574 1959 633 2031 τόν
650 1959 773 2052 τρόπον
792 1962 873 2051 εἶχε·
892 1964 1077 2052 περλ3ο
987 1963 1077 2032 δλ3ο

60 2089 131 2132 των
147 2056 342 2132 ὑπολοίπων
360 2059 464 2144 εόθός
483 2047 720 2151 ἐπεβούλευον,
739 2065 795 2132 καὶ
813 2061 947 2134 πόντων
959 2067 1024 2132 δει·

61 2161 204 2233 νότατον
230 2167 365 2254 πρᾶγμα
377 2161 692 2289 κατεσκεόρισαν,
680 2193 706 2234 ω
695 2153 815 2248 ἀξιόν
834 2168 902 2234 ἐστι
924 2184 1024 2255 προσ-

63 2265 152 2353 ἔχειν
168 2261 228 2334 τόν
245 2267 338 2334 νυῦν.
370 2259 511 2355 ὁρωντες
528 2263 592 2357 γάρ
609 2263 668 2336 τδν
685 2262 885 2356 Εὐκτήμονα
903 2269 1026 2356 κομιδή

63 2361 265 2455 ἀπειρηκότα
290 2360 358 2434 ὑπὸ
383 2364 492 2457 γήρως
510 2367 565 2435 καὶ
582 2363 726 2436 οὐδὲ
685 2395 742 2455 της
760 2376 874 2455 κλίνης
891 2363 1024 2437 ἀνίστα-

63 2477 145 2536 σθαι
165 2463 372 2555 δυνόμενον,
401 2463 608 2537 έσκόπουν”
588 2493 678 2548 οπως
695 2470 751 2536 καλ
768 2465 1025 2554 τελευτήσαντος

64 2569 194 2636 ἐκείνου
214 2563 260 2635 δι’
288 2562 400 2637 αὑτων
427 2574 532 2637 ἔσοιτο
550 2562 571 2654 ή
588 2563 694 2637 οὐσία.
730 2570 786 2636 καὶ
804 2575 840 2636 τί
853 2569 1025 2652 ποιοῦσινς
1043 2585 1077 2638 33

62 2664 294 2758 ἀπογράφουσι
320 2664 366 2738 τῶ
392 2673 492 2736 παῖδε
516 2664 623 2736 τοότω
649 2664 730 2758 πρός
746 2665 804 2738 τόν
821 2664 964 2756 ἀρχουτα
981 2660 1025 2746 ὥς

64 2765 242 2856 εἰσποιήτω
267 2783 336 2849 τοῖς
361 2771 423 2838 τοῦ
439 2763 654 2856 Εὐκτήμονος
679 2769 767 2836 υίέσι
792 2783 861 2848 τοϊς
877 2775 1025 2836 τετελευ-

62 2867 214 2958 τηκόσιν,
234 2867 474 2960 ἐπιγράψαντες
491 2870 578 2957 σφᾶς
595 2864 716 2949 αὐτούς
735 2866 944 2961 ἐπιτρόπους,
969 2870 1025 2938 καὶ

64 2972 212 3056 μισθοῦν
230 2971 383 3041 ἐκέλευον
399 2966 458 3040 τόν
475 2967 618 3061 ἄρχοντα
634 2967 711 3050 τούς
728 2981 839 3051 οίκους
858 2964 902 3050 ἀς
921 2967 1025 3060 ὀρφα-

64 3098 131 3141 νυν
158 3067 284 3160 ὄντων,
310 3067 401 3152 ὅπως
429 3073 483 3141 ἐπὶ
505 3087 574 3151 τοϊς
595 3069 725 3141 τοότων
746 3069 884 3162 ὀνόμασι
905 3067 946 3141 τά
963 3071 1025 3160 μὲν

65 3179 256 3259 μισθωθείη
272 3176 330 3259 τής
348 3169 480 3260 οὐσίας,
503 3169 544 3240 τό
563 3172 598 3240 δέ
622 3168 850 3263 ἀποτιμήματα
866 3193 1026 3242 καταστα-

64 3278 141 3360 θείη
160 3273 217 3341 καὶ
243 3268 313 3362 ὅροι
336 3275 341 3362 Ι
364 3285 497 3343 τεθεῖεν
522 3275 641 3357 ζῶντος
660 3279 707 3342 έτι
723 3277 785 3343 τοῦ
800 3265 1024 3359 Εὐκτήμονος,

66 3374 231 3459 μισθωταὶ
259 3373 296 3442 δὲ
314 3369 409 3442 αότολ
426 3372 598 3463 γενόμενοι
622 3370 681 3452 τάς
698 3371 884 3463 προσόδους
901 3369 1026 3459 λαμβά·

68 3501 165 3544 νοιεν.
211 3475 267 3543 καὶ
287 3471 400 3563 ἐπειδή
417 3479 549 3565 πρῶτον
566 3471 604 3542 τό
625 3471 818 3562 δικαστήρια
837 3470 1025 3563 ἐπληρώθη,
1044 3472 1079 3524 ³⁷

69 3567 164 3662 ὁμὲν
182 3572 293 3665 ἀρχων
305 3573 566 3666 προεκήρυττεν,
585 3579 621 3644 οί
636 3569 668 3642 δ’
689 3575 895 3662 ἐμισθοῦντο.
923 3599 1027 3663 παροι-

119 3688 228 3740 lmus.
854 3691 873 3750 6
