2474 3946
305 298 426 356 ΠΕΡΙ
443 298 880 358 ΠΑΡΑΠΡΕΣΒΕΙΑΣ.
1017 293 1059 356 95

108 454 190 536 τοῦς
199 462 353 544 πρέσβεις
362 459 442 536 τοῦς
454 463 636 544 Φιλίππου,
660 453 704 535 ῶς
721 455 923 543 ἐμισθώσατ’
937 455 1059 543 αῦτοες,

110 555 164 626 ὅτ’
181 553 348 646 ἀπήεσαν,
372 554 466 643 όρικά
485 556 581 643 ζεόγη
599 559 655 624 καὶ
671 556 857 646 συμπαρῄει
873 556 928 640 ἐφ’
944 562 1061 642 ἵππου,

111 656 367 735 οῦκαταδῦςεὶς
386 653 423 724 τό
441 655 576 741 σκότος,
599 653 711 739 ῶσπερ
733 656 842 740 ἕτεροί
852 681 955 742 τινες,
977 654 1062 724 ἀλλά

110 762 266 840 φανερῶς
280 754 550 840 ἐπιδεικνύμενος
565 751 628 840 τήν
644 762 715 824 τῶν
734 755 937 842 πραγμάτων
954 765 1062 840 θερα-

32 874 94 928 112
109 858 216 920 ποίαν.
248 855 358 920 ἐκεῖνα
379 853 415 920 δὲ
442 850 560 938 δήκαὶ
580 853 712 940 σφόδρα
732 859 936 941 διωρθοῦτο·
969 853 1062 940 ,οῦκ

110 950 221 1036 εἷπον,
243 949 287 1031 ῶς
303 949 405 1031 καλός
419 950 462 1019 εὶ·
484 951 570 1039 γυνή
586 952 653 1038 γάρ
662 961 731 1022 τῶν
742 951 850 1022 ὄντων
860 955 930 1024 ἐστὶ
945 951 1062 1022 κάλλι-

112 1070 207 1118 στον·
229 1047 303 1118 οὐδ’
317 1049 361 1129 ῶς
373 1048 481 1130 δεινός
491 1066 661 1138 συμπιεῖν,
682 1060 841 1138 σπογγιᾶς
852 1051 913 1120 τόν
923 1057 1063 1120 ἔπαινον

110 1147 360 1236 ὑπολαμβάνω
378 1158 500 1219 τοῦτον
515 1149 614 1218 εἶναι·
637 1149 711 1219 οὐδ’
731 1150 775 1232 ῶς
796 1150 999 1238 μνημονικὸς
1020 1149 1060 1232 εὶ,

113 1257 275 1334 σοφιστοῦ
284 1245 324 1316 τά
334 1256 471 1316 τοιαῦτα
487 1255 630 1335 νομίζειν
645 1253 906 1338 ἐργολαβοῦντος
916 1249 1060 1336 έγκῶμια

112 1345 229 1413 εὶυαι.“
249 1351 305 1416 ἵνα
320 1346 357 1416 δὶ
373 1345 420 1435 μὴ
435 1356 647 1434 μακρολογῶ,
667 1346 794 1416 τοιαῦτ’
806 1341 850 1435 ἦν
861 1345 883 1414 ἀ
893 1354 984 1433 ἔλεγε
995 1372 1060 1414 πα-

113 1443 241 1525 ρόντων
256 1453 326 1513 τῶν
343 1448 514 1532 πρέσβεων
530 1445 575 1525 ῶς
589 1452 667 1526 ἔπος
684 1452 786 1515 είπεῑν
802 1449 834 1526 ἐξ
855 1442 984 1533 ἀπάσης
1002 1452 1062 1532 τῆς

107 1541 276 1630 Ἑλλάδος,
300 1541 354 1629 ἐφ’
373 1539 423 1622 οὶς
440 1547 578 1627 γέλωτες
593 1542 656 1631 οῦχ
672 1549 706 1614 οἱ
725 1544 880 1630 τυχόντες
895 1547 1059 1629 ἐγένοντο.

34 1661 89 1714 113
108 1640 222 1728 ἐπειδή
242 1645 280 1709 δέ
297 1639 372 1710 κοτ’
391 1642 558 1710 ἐπαύσατο
569 1645 623 1710 ιιυὶ
636 1642 741 1730 σιωπὴ
753 1647 898 1731 ἐγένετο,
915 1641 1061 1732 ήναγκα-

107 1741 215 1826 ζόμην
232 1738 295 1823 έγῶ
313 1740 421 1824 λέγειν
433 1739 513 1825 μετά
527 1741 684 1825 τοιαύτην
700 1739 919 1812 ἀπαιδευσίαν
936 1745 991 1811 καὶ
1000 1768 1060 1810 κο-

104 1843 245 1914 λνιιιείας
265 1829 400 1921 αἰσχράς
420 1834 618 1924 ὑπερβολήν.
647 1840 703 1906 καὶ
724 1838 825 1923 μικροὶ
847 1855 1006 1924 προεῖπον
1027 1843 1060 1918 ἐξ

109 1934 261 2020 ἀνάγκης
283 1933 366 2018 πρὸς
386 1933 448 2021 τήν
468 1939 709 2022 προειρημένην
730 1935 812 2004 κατά
830 1945 898 2004 τῶν
909 1939 1058 2024 συμπρέ-
1076 1947 1131 2002 28³

110 2041 220 2120 σβεων
229 2030 289 2100 ὑπ’
303 2032 408 2102 αὐτοῦ
420 2035 595 2121 διαβολήν,
607 2037 729 2120 λέγων,
742 2033 793 2104 ὅτι
804 2038 966 2122 πέμψειαν
975 2032 1060 2122 ἡμᾶς

110 2129 280 2216 Ἀθηναῖοι
295 2134 448 2219 πρέσβεις
464 2131 525 2200 οῦκ
536 2131 844 2221 ἀπολογησομένους
855 2137 891 2202 έν
900 2139 1059 2204 Μακεδο-

110 2236 166 2318 νίᾳ
175 2231 249 2316 περὶ
260 2227 356 2317 ἡμῶν
367 2229 496 2319 αὐτῶν,
518 2230 594 2300 ἀλλ’
605 2243 743 2302 οἴκοθεν
752 2239 788 2303 ἐκ
799 2242 862 2303 τοῦ
872 2242 951 2324 βίον
963 2240 1059 2304 δεδο-

36 2349 91 2404 114
111 2329 332 2413 τεμνομένους
342 2326 453 2408 ἀξίους
462 2336 520 2415 τῆς
535 2330 663 2410 πόλεως
680 2330 771 2400 εὶυιιι.
793 2337 916 2422 βραχέα
927 2332 959 2401 δ’
972 2332 1058 2417 ῦπὶρ

108 2431 178 2494 τῶν
193 2424 306 2512 ὅρκων
320 2426 490 2513 προειπῶν
506 2426 561 2514 ἐφ’
582 2427 641 2508 οῦς
657 2428 782 2517 ἥκομεν
798 2429 1056 2516 ἀποληψόμενοι,

108 2525 165 2592 καὶ
175 2528 328 2611 περὶτῶν
337 2524 465 2612 ἀλλων,
482 2524 731 2612 ἀπροσετάξατε
741 2528 852 2614 ὑμεῖς,
869 2524 1058 2616 διεξήειν·ὁ

107 2621 173 2708 γάρ
185 2623 334 2708 περιττός
343 2623 409 2693 κάν
417 2639 486 2703 τοῖς
496 2627 606 2710 λόγοις
612 2625 721 2705 δεινός
730 2631 951 2713 Δημοσθένης
960 2626 1059 2696 οῦδε-

109 2719 170 2800 νός
185 2731 254 2791 τῶν
270 2721 462 2809 ἀναγκαίων
477 2725 643 2810 ἐμνήσθη·
665 2729 720 2792 καὶ
738 2723 778 2811 δή
795 2725 934 2807 καὶπερὶ
945 2730 1002 2811 τῆς
1012 2732 1059 2805 είς

109 2819 226 2899 Πύλας
243 2829 413 2906 στρατείας
428 2819 522 2890 εἶπον
538 2824 593 2890 καὶ
609 2824 684 2908 περὶ
700 2829 768 2891 τῶν
784 2827 885 2912 ίερῶν
904 2827 959 2893 καὶ
983 2826 1057 2910 περὶ

108 2927 256 3004 Δελφῶν
267 2921 322 2989 καὶ
332 2922 406 3006 περὶ
416 2929 485 2990 τῶν
494 2919 758 3008 Ἀμφικτυόνων,
780 2925 836 2992 καὶ
846 2922 985 3010 μάλιστα
996 2925 1058 3008 μὶν

109 3024 277 3090 Φίλιππον
293 3018 409 3106 ἠξίουν
423 3019 467 3108 μή
485 3017 564 3108 μεθ’
583 3018 713 3106 όπλωυ,
736 3019 818 3090 ἀλλὰ
838 3021 918 3107 μετά
939 3022 1056 3107 ψήφου

108 3118 165 3186 καὶ
181 3125 320 3205 κρίσεως
335 3118 429 3190 τάκεῖ
442 3119 657 3206 καθιστάναι,
681 3126 711 3188 εί
727 3118 758 3187 δ’
778 3118 842 3207 ἀρα
853 3120 897 3206 μή
910 3118 1056 3190 δυνατὸν

109 3224 175 3303 είη·
198 3224 297 3286 τοῦτο
316 3217 350 3285 δ’
367 3209 413 3305 ήν
428 3219 612 3304 πρόδηλον·
632 3219 670 3287 τό
680 3215 745 3304 γάρ
755 3217 981 3305 στρατόπεδον
990 3244 1056 3287 πα-

109 3317 240 3400 ρήνιιαὶ
256 3315 497 3402 συνήθροιστο·
516 3316 626 3402 εὶπον,
651 3315 705 3384 ότι
719 3315 781 3384 τόν
798 3318 957 3402 μέλλοντα
968 3314 1053 3402 ὑπὲρ
1071 3333 1126 3390 284

104 3408 307 3499 Ἑλληνικῶν
318 3418 420 3500 ἱερῶν
429 3417 652 3504 βουλεύεσθαι
662 3413 789 3500 πολλὴν
799 3414 960 3501 προσήκει
969 3415 1055 3498 κρό-

109 3533 207 3581 νυιαν
223 3509 309 3599 ὑπὲρ
328 3509 495 3600 εὐσεβείας
507 3519 592 3600 ἔχειν
603 3515 658 3582 καὶ
668 3526 735 3592 τοῖς
745 3516 818 3599 περὶ
829 3520 898 3582 τῶν
908 3519 1055 3599 πατρίων
