2450 3950
216 233 277 295 144
629 223 758 278 ΙΣΑΙΟΤ
1057 226 1110 280 Οε.
1131 226 1172 282 ll.

214 395 285 472 οὔτ’
305 389 349 468 αῦ
367 396 422 468 διά
438 401 542 468 ταῦτα
560 399 697 477 ἐκείνοις
714 413 783 479 τοῖς
800 395 1003 489 προσήκουσι
1020 401 1081 466 τοῦ
1096 395 1173 486 κλή-

214 529 275 592 ρου
292 497 354 570 οῦκ
372 499 568 589 ἐλάγχανον,
588 494 632 580 ῦς
645 502 725 587 ἐμοῦ
735 497 939 590 μεταδώσειν
951 493 1173 588 ὁμολογήσειν·

214 631 284 691 τος,
303 597 378 672 ἀλλ’
396 598 446 671 ὅτι
463 597 540 670 οὐδ’
560 595 673 672 ὁτιοῦν
691 593 803 681 αῦτοίς
814 597 948 676 ,τοῦτων
965 601 1033 669 τοῖν
1049 598 1172 690 χρημά-

162 719 197 774 26
213 732 281 773 των
306 706 480 792 προσήκεν.
527 691 566 770 εῦ
593 697 626 769 δ’
645 696 719 770 οἷδ’·
740 697 790 772 ὅτι
807 695 883 771 οὐδ’
912 708 944 771 εί
960 698 1172 822 συνεχώρουν

213 834 259 898 τφ
286 807 380 876 παιδὶ
406 811 523 891 λαβεῖν
550 804 812 895 ἐπιδικασαμένφ
839 797 918 892 παρ’
947 797 1080 890 ἐμοῦ
1046 830 1083 871 το
1102 797 1173 890 ήμι-

213 903 364 996 κλήρων,
382 900 444 973 οῦκ
461 900 503 973 ἀν
520 929 599 973 ποτε
615 906 697 972 ταῦτ
701 899 893 992 ’ἐποίησαν
909 898 986 975 οῦδ’
1008 907 1172 992 ἐπεχείρη

213 1027 328 1094 σαν,ε
313 1001 472 1086 είδότες“
452 1033 520 1093 οτι,
545 999 583 1073 ῦτ
587 999 651 1073 ’ἐν
667 1031 708 1093 τη
696 999 894 1095 ἀγχιστεία
911 995 956 1092 μή
972 1001 1067 1084 ὄντες
1084 1001 1173 1094 εἶχόν

117 1129 122 1143 ·
213 1136 244 1177 τι
261 1109 328 1178 των
345 1103 390 1195 μή
403 1103 654 1197 προσηκόντων,
673 1096 764 1175 τοῦτ’
783 1100 825 1176 ἀν
842 1099 909 1188 ῦπδ
925 1107 993 1174 νῦν
1012 1102 1173 1192 ἐγγύτατα

212 1211 330 1296 γε’νους
348 1211 471 1299 ῥαδίως
488 1203 717 1294 ἀφηρίθησαν.
758 1203 839 1296 ὅπερ
856 1204 919 1296 γάρ
937 1207 993 1278 καί
1011 1204 1174 1298 πρότερον

213 1308 325 1397 εἷπον,
352 1337 392 1378 ου
382 1304 530 1378 ’δίδωσι
547 1301 626 1395 μεθ’
645 1302 729 1395 ἡμεῖς
755 1324 823 1388 τοῖς
840 1303 1010 1430 ήμετίρρις
1023 1303 1170 1378 παισὶ
1138 1334 1171 1375 το

212 1408 369 1499 παράπαν
392 1406 453 1496 τήν
478 1403 668 1496 ἀγχιστείαν
691 1401 735 1496 1
718 1405 870 1528 ονόμος,
897 1403 980 1478 ἀλλά
1005 1425 1074 1488 τοῖς
1092 1404 1173 1528 πρὸς

160 1525 195 1577 30
211 1507 332 1600 μητρὸς
354 1511 416 1578 τοῦ
421 1506 699 1630 τελευτήσαντος.
728 1536 828 1628 ρκεν
850 1503 892 1579 ἀν
922 1497 984 1580 οῦν
1010 1505 1063 1578 ἐπ’
1089 1505 1174 1578 αῦτά

199 1613 307 1679 ’τοῦτο
331 1604 430 1730 μὲυ“
414 1637 432 1678 ο
450 1603 654 1679 Γλαύκων
637 1637 654 1678 ο
680 1637 739 1678 του
728 1603 887 1696 Ἁγνίου
910 1605 1072 1732 ἀδελφός,
1091 1605 1174 1700 πρὸς

211 1705 250 1780 ὃν
267 1707 311 1833 μή
328 1706 378 1779 ὅτι
401 1709 545 1798 γίνος
515 1735 603 1798 ειχου
625 1707 767 1833 ἄμεινον
786 1717 871 1780 είπεί
858 1726 908 1799 ου,
931 1705 1015 1778 ἀλλά
1031 1712 1087 1780 καὶ
1114 1715 1174 1793 ἔξω

210 1814 268 1898 τῆς
285 1806 470 1900 ἀγχιστείας
494 1805 710 1900 ἐφαίνοντ’
689 1839 731 1880 αν
747 1807 857 1900 ὄντες,
881 1814 978 1881 τοῦτο
997 1806 1048 1899 δ’,
1074 1818 1106 1880 εί
1126 1807 1171 1900 μή

213 1910 366 1999 ἐβούλετο
387 1902 500 2000 οῦτος,
524 1907 545 1999 ή
566 1907 699 2000 Ἁγνίου
722 1906 879 1982 κάκείνου
900 1910 1024 2003 μήτηρ,
1050 1916 1174 2001 προσή-

212 2041 273 2083 κον
297 2015 352 2082 καὶ
379 2009 466 2102 αῦτη
481 2015 539 2100 τῆς
555 2008 740 2102 ἀγχιστείας
756 2015 819 2082 τοῦ
835 2007 937 2100 αῦτής
954 2014 1060 2102 υίέος,
1085 2008 1173 2082 ὅσθ’

211 2107 304 2181 ὁπότ’
322 2110 500 2200 ἠγωνίζετο
517 2110 598 2202 πρὸς
615 2109 693 2193 τοῦς
705 2113 810 2200 μηδὲν
827 2117 916 2201 γε’νει
934 2110 1174 2205 προσήκοντας,

213 2216 366 2302 φανεροῖς
389 2205 432 2282 ἀν
456 2219 554 2299 ἔλαβε
570 2210 606 2283 τό
624 2208 819 2303 ήμικλήριον
836 2210 916 2304 παρ’
935 2208 1048 2303 ῦμοῖν,
1074 2218 1175 2285 τοῦτο

160 2325 192 2378 31
211 2315 272 2382 τοῦ
296 2318 426 2399 δικαίου
450 2315 506 2382 καὶ
527 2317 595 2382 των
619 2311 732 2401 νόμων
760 2311 848 2404 αὐτῇ
871 2313 1074 2385 δεδωκότων.
1116 2313 1174 2384 οῦ-

211 2416 294 2483 κοῦν
320 2410 374 2484 διά
396 2409 493 2483 ταῦτ’
524 2409 592 2484 σῦκ’
615 2411 812 2503 ἐλάγχανεν,
843 2412 906 2504 οῦχ
931 2410 975 2495 ῦς
998 2411 1045 2485 δι’
1071 2411 1174 2504 ἐμὲῆ

209 2511 288 2596 τοῦς
320 2513 444 2605 νόμους
476 2513 700 2604 κωλυόμενος,
732 2511 815 2586 ἀλλὰ
841 2514 962 2596 ταῦτας
988 2514 1175 2606 προφάσεις

168 2629 170 2643 “
211 2613 407 2706 ποιούμενος
419 2618 473 2686 ἐπὶ
489 2613 610 2698 ταύτας
627 2613 685 2697 τάς
703 2625 926 2706 συκοφαντίας
945 2614 1121 2705 ἐλήλυθεν,
1141 2621 1175 2701 ἐξ

212 2706 260 2786 οῦν
285 2715 419 2808 γραφήν
444 2715 654 2808 γραψάμενος
680 2719 735 2787 καί
763 2717 818 2806 ἐμὲ
845 2714 1035 2808 διαβάλλων
1053 2721 1176 2802 ἐλπίζει

210 2815 360 2906 χρήματα
377 2816 544 2904 λήψεσθαι
556 2822 611 2888 καὶ
631 2819 687 2907 ἐμὲ
703 2821 761 2906 τῆς
774 2821 949 2908 ἐπιτροπῆς
961 2813 1173 2902 ἀπαλλάξειν.

214 2916 269 2986 καί
286 2925 389 2985 οἴεται
409 2921 525 2986 δεινοῦ
540 2946 628 2998 τινος
646 2914 768 3008 ἀνδρὸς
786 2925 884 3008 ἔργον
911 2917 1176 3010 διαπράττεσθαι

211 3014 345 3095 ταύταις
371 3032 442 3096 ταῖς
468 3034 708 3106 παρασκευαῖς,
735 3015 784 3095 ὅτι
809 3016 854 3108 μή
879 3018 1094 3111 κατορθώσας
1111 3022 1176 3108 μὲν

210 3112 311 3186 οῦδὲν
337 3112 457 3187 ἀπολεῖ
479 3121 549 3186 τοῖν
574 3114 694 3208 αὑτοῦ,
724 3112 984 3212 διαπραξάμενος
1003 3116 1035 3190 δ’
1054 3115 1076 3189 6
1093 3120 1175 3210 βοῦ-

133 3229 134 3234 ’
210 3227 300 3288 λεται
318 3221 373 3287 καὶ
389 3214 431 3296 τά
447 3221 508 3290 τοῦ
524 3216 640 3300 παιδός
658 3216 764 3300 ἀδεοῦς
781 3217 846 3310 ήδη
866 3219 1070 3313 διαφορήσω.

158 3335 192 3388 32
287 3316 423 3392 Οὐκοῦν
449 3315 489 3390 οῦ
517 3325 570 3389 δεῖ
593 3323 766 3412 προσέχειν
792 3317 877 3411 ῦμάς
894 3339 962 3403 τοῖς
979 3319 1101 3392 τοῦτου
1118 3321 1175 3393 λό-

209 3448 279 3506 γοις
304 3417 363 3491 τδυ
379 3423 479 3509 νοῦν,
506 3416 582 3491 οῦδ’
611 3424 812 3512 ἐπιτρέπειν,
839 3418 915 3493 οὐδ’
935 3427 1058 3507 ἐθίζειν
1085 3423 1174 3496 εἶναι

198 3518 337 3612 γραφάς
363 3511 493 3614 περὶ
466 3550 514 3593 ων
540 3528 627 3604 ίδίας
655 3527 748 3604 δίκας
774 3521 862 3593 οἷ’
822 3551 918 3613 νομοι
941 3521 1172 3614 πεποιήκασιν
1220 3557 1221 3608 ι
