2510 3948
324 282 456 341 ΚΑΤΑ
477 282 859 347 ΚΤΗΣΙΦΩΝΤΟΣ.
1009 286 1069 351 125

56 453 96 507 19
113 444 175 518 δας
185 439 409 547 καὶΚήρνκιη
419 443 474 508 καὶ
485 439 564 520 τοὺς
574 439 858 524 άλλουςάπιιντας.
877 447 981 516 πάλιν
992 433 1070 527 τοὺς
1085 460 1136 516 407
1248 433 1249 511 ᾗ

111 538 332 625 τριηράρχους
347 535 563 618 ὑπευθύνους
579 538 665 608 εἶναι
681 543 810 610 κελεάει
827 540 961 630 ὁνόμος
971 543 1014 613 οὑ
1025 543 1066 614 τά

110 635 210 704 κοινά
227 641 487 723 διαχειρίσαντας
503 635 580 705 οὐδ’
592 635 658 705 ἀπό
677 647 745 708 τῶν
762 637 1067 726 ὑμετέρανπροσό-

111 739 182 802 δῶν
193 733 300 803 πολλά
316 735 378 822 μὲν
392 731 679 822 ὑφαιρουμένους,
691 742 814 824 βραχέα
823 739 859 808 δὲ
871 748 1066 811 κατατιθέν-

111 861 180 921 τας,
194 835 380 906 ἐπιδιδόναι
391 839 427 906 δὲ
440 838 643 923 φάσκοντας,
656 835 876 919 ἀποδιδόντας
888 842 924 909 δὲ
933 837 1015 927 ὑμίν
1023 842 1065 910 τά
1081 864 1134 921 408

111 931 268 1020 ὑμέτερα,
291 932 360 1004 ἀλλ’
374 933 649 1023 ὁμολογουμένας
658 940 716 1016 τάς
727 938 882 1030 πατρῴας
893 938 1009 1019 οὐσίας
1019 945 1065 1019 ενς

111 1031 173 1119 τήν
183 1030 267 1116 πρός
277 1030 365 1118 ὑμᾶς
376 1031 589 1120 ἀνηλωκότας
598 1043 796 1122 φιλοτιμίαν.
820 1035 861 1104 οὑ
873 1045 989 1106 τοίνυν
1000 1038 1065 1124 μό-

111 1154 166 1197 νοι
176 1132 212 1197 οἱ
220 1130 430 1217 τριήραρχοι,
453 1129 537 1200 άλλά
552 1130 656 1200 καὶτὰ
673 1139 808 1220 μέγιστα
820 1143 890 1203 τῶν
900 1140 938 1204 έν
947 1144 989 1225 τή
999 1137 1062 1206 πό-

111 1237 161 1296 λει
177 1234 363 1314 συνεδρίου
380 1228 445 1298 ὑπδ
464 1228 614 1316 τὴντῶν
625 1237 845 1320 δικαστηρίων
858 1238 984 1321 ἔρχεται
995 1242 1063 1320 νή-

55 1343 93 1396 20
113 1355 190 1416 φον.
209 1337 345 1415 πρῶτον
366 1327 427 1415 μὲν
437 1326 501 1417 γάρ
511 1329 575 1416 τήν
583 1331 712 1418 βουλήν
721 1329 785 1418 τήν
795 1334 833 1400 έν
842 1330 953 1422 Ἀρείφ
965 1333 1061 1423 πάγςο

110 1430 291 1517 ἐγγράφειν
309 1427 393 1516 πρὸς
408 1430 487 1509 τούς
505 1427 658 1516 λογιστάς
674 1428 691 1498 ὁ
707 1431 809 1517 νόμος
819 1433 1062 1517 κελεύειλόγον

110 1531 167 1596 καὶ
179 1527 327 1618 εὐθύνας
336 1527 483 1611 διδόναι,
496 1528 551 1595 καὶ
561 1525 622 1596 τόν
632 1531 700 1598 ἐκεί
708 1529 917 1617 σκυθρωπὸν
926 1533 1062 1598 καὶτῶν

107 1633 273 1713 μεγίστων
291 1625 494 1712 κόριονάγει
510 1623 576 1692 ὑπὸ
589 1625 651 1713 τήν
662 1627 826 1717 ὑμετέραν
836 1639 961 1718 ψῆφον.
995 1630 1060 1701 οὑκ
1078 1651 1131 1705 40⁹

106 1727 172 1810 ἄρα
182 1726 478 1822 στεφανωθήσεται
492 1723 627 1814 ἡβονλή
637 1725 658 1814 ἡ
669 1732 702 1809 ἐξ
709 1727 837 1816 Ἀρείου
845 1732 971 1817 πάγους
982 1729 1063 1800 οὑδὲ

107 1825 173 1913 γάρ
196 1827 338 1911 πάτριον
359 1824 471 1906 αὐτοῖς
495 1829 592 1894 ἐστιν.
628 1824 690 1893 οὑκ
712 1826 777 1912 ἄρα
794 1839 1062 1915 φιλοτιμοῦνται
1077 1850 1124 1907 411

108 1925 203 1993 πάνυ
218 1949 273 2010 γε’,
293 1921 362 1992 ἀλλ’
376 1921 439 1992 οὐκ
455 1921 644 2008 άγαπῶσιν,
667 1923 727 1992 ἐάν
737 1946 789 2002 τις
806 1923 879 2009 παρ’
892 1925 1004 2006 αὐτοῖς
1015 1925 1059 2013 μή

109 2023 225 2112 άδική,
246 2021 315 2094 ἄλλ’
327 2023 387 2092 ἐάν
408 2048 456 2104 τις
477 2023 711 2112 ἐξαμαρτάνῃ,
723 2023 936 2104 κολάζουσιν·
971 2030 1006 2092 οί
1026 2024 1062 2094 δὲ
1076 2034 1127 2089 41ν

108 2120 261 2209 ὑμέτεροι
282 2121 418 2209 ῥήτορες
438 2129 600 2206 τρυφῶσι.
631 2121 733 2190 πάλιν
752 2119 816 2205 τήν
831 2119 960 2206 βουλήν
980 2120 1062 2201 τοὺς

57 2237 91 2289 21
107 2227 345 2300 πεντακοσίους
353 2217 555 2288 ὑπεύθυνον
565 2216 773 2306 πεποίηκενό
788 2223 980 2308 νομοθέτης.
1003 2223 1060 2291 καὶ

107 2316 214 2398 οὑτως
224 2324 366 2406 ίσχυρῶς
383 2316 513 2387 άπιστει
527 2331 594 2398 τοῖς
605 2316 826 2404 ὑπευθύνοις,
841 2316 915 2386 ῶστ’
930 2319 1058 2400 εὐθέως

108 2415 290 2504 ἀρχόμενος
299 2425 368 2486 τῶν
377 2419 491 2504 νόμων
503 2420 607 2505 λέγει,
620 2417 749 2505 ,,άρχήν
759 2417 983 2484 ὑπεύθυνονίί
991 2444 1059 2504 φη·
1075 2436 1127 2491 413

108 2520 141 2585 σὶ
154 2514 221 2604 ,μή
234 2514 450 2602 άποδημεϊν.“
471 2509 685 2600 ῶἨράκλεις,
695 2513 860 2601 ὑπολάβοι
870 2515 913 2582 άυ
924 2543 987 2602 τις,
1007 2515 1059 2585 ὅτι
1248 2587 1249 2604 2

107 2609 206 2704 ἦιξα,
229 2614 273 2702 νὴ
286 2614 506 2700 οἰκοδομήσει
524 2617 582 2684 ἵνα
601 2639 639 2700 ιε
652 2612 696 2699 νὴ
714 2611 895 2700 νεολαβῶν
909 2615 1058 2700 νοήματα

107 2721 165 2800 τῆς
176 2713 302 2792 πόλεως
313 2708 336 2800 ἢ
349 2712 481 2796 πράξεις
493 2715 629 2799 δρασμῷ
640 2710 754 2797 χρήσῃ.
789 2710 889 2778 πάλιν
900 2709 1058 2778 ὑπεόθυ-
1072 2728 1125 2785 414

105 2837 169 2879 νον
179 2809 242 2879 οὑκ
253 2814 291 2900 ἐᾷ
300 2808 364 2898 τήν
379 2807 497 2878 οόσίαυ
508 2816 693 2893 καθιεροῦν
710 2807 789 2877 οὑδὲ
799 2807 958 2897 ἀνάθημα
970 2807 1054 2896 άνα-

105 2919 218 2979 θεῖναι
234 2899 310 2978 οὐδ’Ι
327 2913 503 2996 ἐκποίητον
529 2911 688 2995 γενέσθαι
712 2906 791 2976 οὑδὲ
816 2913 994 2977 διαθέσθαι
1015 2905 1057 2975 τά

106 3011 228 3078 ἑαυτοῦ
249 3004 325 3077 οὐδ’
337 3007 421 3078 άλλα
443 3009 564 3078 πολλά·
586 3010 634 3078 ἑνί
654 3008 689 3077 δὲ
700 3007 788 3100 λόγῳ
805 3008 988 3102 ἐνεχυράζει
999 3005 1057 3086 τάς
1248 3037 1249 3100 ι

105 3105 446 3198 οὑσίαςόνομοθέτης
455 3107 513 3188 τάς
522 3114 591 3177 τῶν
600 3105 816 3195 ὑπευθύνων,
828 3107 890 3184 ἕως
899 3100 942 3174 άν
953 3105 1057 3193 λόγον
1247 3143 1249 3232 η

59 3230 93 3283 κα
105 3205 256 3276 άποδῶσι
274 3215 314 3297 τῇ
330 3206 442 3286 πόλει
474 3211 546 3294 ναὶ,
570 3205 639 3276 ἄλλ’
652 3212 719 3275 ἔστι
734 3233 783 3287 τις
800 3204 997 3292 άνθροιπος,
1018 3204 1056 3284 ὃς
1247 3233 1249 3278 ι

105 3300 175 3374 οὔτ’
184 3311 320 3393 εἴληφεν
333 3303 433 3372 οὐδὲν
443 3312 511 3373 τῶν
523 3310 690 3393 δημοσίων
701 3302 766 3374 οὔτ’
775 3302 936 3390 ἀνήλωκε,
950 3323 1057 3386 προσ·
1248 3307 1249 3328 ’

5 3403 6 3422 ’
105 3411 191 3490 ήλθε
210 3405 247 3473 δὲ
266 3404 350 3490 πρός
365 3410 474 3473 τιτῶν
490 3411 622 3473 κοινῶν.
654 3405 709 3471 καὶ
731 3409 851 3470 τοῦτον
872 3400 1056 3488 ἀποφέρειν

106 3502 234 3572 κελεύει
245 3503 348 3589 λόγον
360 3498 444 3589 πρὸς
454 3499 532 3581 τοὺς
543 3501 703 3588 λογιστάς.
726 3501 782 3570 καὶ
793 3507 862 3580 πῶς
873 3497 893 3569 ὅ
903 3525 941 3584 γε
951 3499 1055 3596 μηδθν
