2474 3946
286 296 406 356 ΠΕΡΙ
425 296 865 365 ΠΑΡΑΠΡΕΣΒΕΙΑΣ.
1012 297 1052 362 91

97 460 220 536 θέντας
231 455 389 542 ἅπαντας,
396 453 554 536 ἀψευδεῖν
566 453 854 543 πρδςἈθηναίους
865 455 1053 549 ρόμηνδείν.

45 570 82 626 96
98 550 1055 642 καλταύτηςτῆςπρεσβείαςούκατηγόρειςμουδιδόντοςτάς

98 652 263 739 εὐθύνας,
285 647 354 720 ἀλλ’
366 653 419 720 έπέ
433 651 559 739 ταύτην
573 649 664 737 ἥκεις
680 651 743 737 τὴν
757 653 809 720 ἐπὶ
824 652 904 732 τούς
921 652 1053 740 ὅρκους,
1071 665 1123 724 272

97 748 182 836 ὑπὲρ
192 741 233 837 ἧς
243 746 305 835 έγά
319 755 433 835 σαφῶς
442 751 498 817 καὶ
509 753 641 828 δικαίως
651 745 908 837 ἀπολογήσομαι.
929 752 981 820 σοί
993 755 1055 836 μὲν

95 849 160 934 γάρ
182 847 334 936 ἁρμόττει
355 851 409 917 καὶ
431 856 512 916 πᾶσι
531 862 599 927 τοῖς
621 851 837 934 ψευδομένοις
858 853 1055 935 μεταφέρειν

95 949 175 1026 τούς
186 947 344 1033 χρόνους,
366 949 437 1033 έμοί
448 944 480 1013 δ’
492 949 608 1033 έφεξῆς
624 948 751 1033 λέγειν,
772 945 974 1036 ἀναλαβόντι
991 946 1054 1035 τὴν

94 1045 202 1133 ἀρχὴν
212 1054 274 1114 τοῦ
284 1047 388 1131 λόγου
398 1042 464 1114 ἀπό
476 1052 533 1132 τῆς
549 1051 684 1130 πορείας
693 1053 751 1132 τῆς
766 1048 820 1116 ἐπὶ
829 1045 908 1126 τούς
920 1045 1052 1131 ὅρκους,

44 1156 79 1213 97
182 1153 324 1232 Πρῶτον
334 1149 395 1232 μὲν
405 1143 469 1230 γάρ
491 1146 572 1212 δέκα
591 1147 763 1232 πρέσβεων
774 1143 899 1231 ὄντων,
918 1143 1056 1215 ένδεκιὶ-

95 1269 159 1310 του
174 1243 209 1312 δέ
225 1250 287 1311 τοῦ
303 1245 582 1328 συμπεμφθέντος
597 1240 677 1328 ἡμίν
692 1240 759 1311 ἀπό
776 1251 845 1311 τοῖν
861 1243 1053 1330 συμμάχων,

95 1337 207 1419 οὐδεὶς
223 1337 313 1426 αύτῷ
333 1355 516 1426 συσσιτεῖν,
539 1337 585 1407 ὅτ’
601 1339 748 1430 ἐξῄειμεν
764 1344 817 1410 ἐπὶ
833 1339 895 1428 τὴν
911 1338 1054 1425 ὑστέραν

96 1445 294 1526 πρεσβείαν,
307 1437 449 1526 ἤθελεν,
460 1435 539 1506 οὐδὲ
549 1440 667 1519 έυταίς
679 1437 786 1525 ὁδοῖς,
808 1439 897 1509 όπου
907 1438 1054 1509 δυνατόν

93 1530 153 1623 ἦν,
164 1543 208 1616 είς
219 1533 319 1605 ταύτὰ
332 1541 531 1606 πανδοκείου
541 1539 736 1625 καταλύειν,
747 1537 891 1627 ὁρῶντες
901 1537 1006 1608 αύτόν
1016 1541 1054 1608 έν

93 1643 140 1722 τῇ
156 1637 300 1721 προτέρα
317 1641 474 1723 πρεσβεία
493 1643 597 1702 πᾶσιν
612 1634 724 1716 αὑτοῖς
740 1637 1052 1726 ἐπιβεβουλευκότα.

44 1743 78 1798 98
93 1735 173 1816 περὶ
189 1735 251 1818 μὲν
266 1725 331 1798 ούν
347 1739 406 1816 τῆς
421 1734 472 1798 ἐπὶ
484 1732 616 1821 Θρᾴκης
633 1731 716 1801 ὁδοῦ
729 1733 791 1804 ούιι
802 1738 930 1822 ἐγένετο
941 1743 1051 1825 μνεία·

91 1829 176 1900 οὔτε
197 1827 262 1914 γάρ
283 1827 319 1896 τὰ
343 1828 497 1916 ψήφισμα
517 1827 611 1898 τοῦθ’
628 1829 709 1917 ἡμίν
726 1837 960 1919 προσέταττεν,
981 1831 1051 1903 ἀλλ’

91 1929 281 2013 ἀπολαβεῖν
302 1926 408 2012 μόνον
420 1925 500 2005 τούς
515 1926 637 2012 ὅρκους
653 1931 707 1996 καλ
718 1927 785 1998 ἀλλ’
800 1928 897 2019 ἅττα,
920 1930 986 2000 οὔτ’
1000 1935 1054 1999 έλ-

91 2027 224 2104 θόντας
236 2027 393 2110 πράττειν
400 2025 501 2098 οὐδὲν
518 2030 682 2115 ἐνεδέχετο
693 2036 762 2097 τῶν
779 2033 855 2116 περὶ
865 2035 1055 2119 Κερσοβλέ-
1068 2054 1122 2114 273

93 2149 182 2213 πτην
192 2124 256 2211 ἤδη
267 2129 507 2213 γεγενημένων,
519 2125 565 2206 ὡς
575 2125 884 2219 ἀρτίωςὴιιούσατε,
902 2130 977 2200 οὔθ’
991 2123 1054 2200 ού-

94 2249 153 2302 τος
165 2221 265 2290 ούδὲν
276 2221 400 2310 ἀληθὲς
409 2222 515 2313 εἶπεν,
528 2223 612 2294 ἀλλά
623 2227 779 2307 ψεύδεται
788 2232 844 2300 καί
854 2246 1052 2320 κατηγορεῖν

48 2325 81 2381 99
97 2319 198 2390 οὐδὲν
208 2319 641 2412 ἀληθὲςέχωντερατεύεται.
656 2329 935 2413 συνηκολούθουν
946 2329 978 2398 δ’
988 2328 1053 2398 αὐ-

96 2426 147 2508 τῷ
173 2419 350 2503 ἄνθρωποι
375 2422 438 2491 δύο
465 2425 744 2511 στρωματόδεσμα
760 2429 934 2511 φέροντες·
968 2425 1053 2496 ένδὲ

95 2526 144 2608 τῷ
156 2520 254 2609 έτέρφ
266 2520 412 2607 τούτων,
425 2520 469 2601 ἀς
478 2521 579 2601 αὐτὸς
589 2528 670 2609 ἔφη,
681 2524 845 2590 τάλαντον
855 2526 936 2609 ἐνῆν
945 2522 1052 2609 ἀργυ-

97 2625 182 2701 ρίου.
222 2618 307 2687 ἀστε
327 2617 406 2698 τούς
426 2624 645 2706 συμπρέσβεις
667 2619 975 2705 ἀναμιμνήσκεσθαι
995 2620 1053 2700 τὰς

97 2716 234 2803 ἀρχαίας
245 2723 433 2804 ἐπωνυμίας
443 2716 563 2785 αύτοῦ·
585 2720 622 2785 έν
638 2719 731 2784 παισὶ
741 2717 803 2801 μέν
818 2719 883 2804 γάρ
895 2714 945 2785 ἀν
954 2719 1053 2803 έκλή-

46 2841 49 2848 ·
95 2824 143 2900 θη
165 2811 206 2880 δι’
223 2821 461 2901 αἰσχρουργίαν
480 2814 555 2882 τινά
576 2817 631 2883 καὶ
651 2819 817 2884 κιναιδίαν
830 2815 994 2903 Βάταλος,
1014 2818 1052 2884 έκ

96 2916 228 3012 παίδων
248 2912 285 2982 δὲ
302 2911 588 3000 ἀπαλλαττόμενος
603 2916 659 2984 καὶ
676 2915 940 2996 δωιαταλύντους
961 2921 1054 2994 δίκας
1067 2935 1120 2994 274

95 3011 223 3101 έκιίστφ
235 3018 303 3079 τῶν
314 3012 501 3098 ἐπιτρόπων
510 3013 686 3101 λαγχάνων
694 3012 811 3101 Ἀργάς
820 3016 957 3102 ἐκλήθη,
965 3012 1051 3102 ἀνὴρ

96 3111 133 3176 δέ
159 3111 339 3198 γενόμενος
359 3119 561 3200 προσείληφε
583 3113 646 3200 τὴν
665 3123 733 3182 των
754 3120 913 3200 πονηρόν
933 3111 1051 3200 κοινὴν

39 3227 82 3282 ιοο
95 3211 298 3296 ἐπωνυμίαν,
305 3213 525 3299 συκοφάντης.
547 3215 724 3297 ἐπορεύετο
731 3213 767 3282 δέ
777 3212 961 3298 λυσόμενος
970 3210 1053 3292 τούς

97 3308 362 3398 αίσχμαλύτους,
385 3307 429 3390 ὡς
439 3316 503 3398 έφη
515 3314 570 3381 καλ
587 3312 670 3395 πρὸς
681 3311 768 3399 ὑμᾶς
779 3310 898 3396 ἀρτίως
910 3321 1052 3398 είρηκευ,

97 3409 194 3488 είδός
215 3409 276 3494 μὲν
300 3416 466 3478 Φίλιππον
492 3413 531 3479 έν
550 3419 598 3499 τῷ
623 3416 754 3499 πολέμφ
775 3407 898 3478 οὐδένα
919 3409 1052 3478 πύποτε

97 3512 282 3592 Αθηναίων
292 3506 397 3593 λύτρα
409 3507 635 3594 πραξάμενον,
651 3507 787 3577 ἀκούων
797 3508 834 3576 δὲ
844 3515 913 3578 τῶν
922 3511 1053 3579 ἐκείνου
