2486 3948
460 262 755 320 ΕΠΙΣΤΟΛΑΙ.
1025 260 1087 324 213

72 449 98 500 2
121 449 207 508 γειν
223 418 576 506 ἐνἈθήυαιςέπρεπε.
602 423 656 487 καὶ
673 420 812 500 τούτους
834 419 897 490 οὐκ
919 426 965 501 εἰς
987 442 1089 491 συκο-

127 519 281 608 φαντίαν
291 519 471 606 γυμνάσας,
483 516 565 588 οόδέ
572 544 638 586 τινι
649 525 717 585 τῶν
729 527 874 588 πολιτῶν
886 523 982 607 δίκην
993 524 1088 594 δικα-
1104 571 1111 576 -

127 621 280 706 σάμενος
298 615 525 705 εὑρεθήσομαι
540 616 655 700 λαβών
671 615 851 704 άργάριου,
876 617 956 690 οὐδὲ
973 618 1088 708 ὕβρεις

129 719 359 806 ἀποδόμενος,
377 715 451 786 ἀλλ’
464 717 543 786 οὐδὲ
555 716 728 805 ὑβρισθείς
741 716 826 797 ὅλως
838 716 917 788 οὐδὲ
930 718 1087 810 ἀφορμὴν

129 824 413 908 προπηλακισμοῦ
431 815 626 903 παρασχόν,
649 813 728 885 οὐδὲ
747 823 794 896 είς
810 821 906 905 δίκην
921 819 996 886 τινά
1018 831 1087 890 τοῖν

78 937 106 992 3
126 925 280 988 πολιτῶν
303 917 510 1002 καταστήσας
534 921 595 996 ὲξοι
617 916 786 1002 Τιμάρχου
807 917 924 1002 μόνον.
947 923 1002 988 καί
1023 918 1086 990 οὐκ

131 1017 378 1102 άλαζονεόομαι
394 1015 478 1098 πρδς
490 1011 582 1101 ’ὑμᾶς
600 1012 644 1093 ὦς
660 1013 767 1084 πολλά
785 1017 875 1084 πάνυ
887 1024 1001 1104 λαβεῖν
1012 1020 1087 1099 ἐξόν

131 1142 192 1204 μοι
202 1113 351 1201 χρήματα
363 1111 407 1200 μὴ
421 1111 553 1200 λαβών,
579 1110 652 1200 ἀλλ’
667 1111 710 1193 ὡς
721 1107 765 1200 ἦν
781 1122 969 1206 προσῆκον,
991 1122 1086 1205 δίκην

131 1214 218 1284 κατά
229 1212 307 1292 τούς
318 1213 446 1299 νόμους
457 1211 579 1299 λαβών.
602 1215 655 1280 καλ
673 1213 753 1300 μετὰ
770 1221 873 1282 ταῦτα
884 1215 984 1285 πάλιν
995 1224 1086 1305 Κτη-
1103 1231 1153 1288 696
1237 1283 1238 1304 ,

133 1323 303 1402 διφῶντα,
322 1309 426 1380 πολλοὶ
438 1315 499 1397 μὲν
510 1309 571 1378 ὑπ’
582 1308 688 1380 αὐτοῦ
705 1309 844 1399 παθών,
855 1313 960 1381 πολλά
972 1314 1008 1384 δὲ
1018 1312 1083 1383 ὑπὸ
1236 1305 1238 1398 λ

132 1415 392 1500 Δημοσθένους,
414 1410 620 1497 παρανόμων
642 1412 852 1499 ἐγραψάμην,
875 1413 1085 1501 δικαιοτάτην

90 1526 115 1580 4
136 1506 408 1597 οδθεοὶγραφήυ.
429 1512 484 1580 καὶ
493 1507 593 1578 οὐδὲν
604 1510 818 1596 θαυμαστόν,
841 1519 872 1586 εί
881 1514 1085 1582 καὶτώννό-

134 1638 209 1698 μων
219 1617 287 1678 τῶν
304 1607 473 1694 ὑμετέρων
487 1611 543 1676 καὶ
559 1617 628 1676 τοῖν
643 1612 733 1696 ἐμῶν
749 1610 860 1697 λόγων
870 1609 892 1700 ἡ
904 1617 1084 1700 Δημοσθέ-

135 1735 218 1788 νους
229 1707 376 1795 δεινότης
386 1714 550 1794 κρείσσων
561 1710 699 1792 ἐγένετο.
711 1709 818 1797 ἐφάνη
833 1712 868 1780 δὲ
879 1721 959 1792 ίσας
969 1710 1022 1799 ἐφ’
1037 1707 1086 1792 οἷς

132 1808 374 1896 κατηγορήδην
385 1807 549 1895 πρότερον
560 1804 626 1876 ὑπὸ
637 1811 897 1895 Δημοσθένους,
916 1809 1002 1878 πολδ
1013 1819 1085 1896 μεί-

133 1915 207 1990 ζοσι
229 1907 384 1994 δηλονότι
399 1906 529 1975 τούτων
548 1899 639 1992 οὖσι,
664 1907 711 1973 δι’
729 1901 751 1974 δι’
770 1915 835 1976 νῦν
852 1910 1021 1994 ἐξέπεσον,
1044 1906 1085 1978 οδ

131 2005 256 2096 μικρὸν
274 2011 389 2094 δεῖγμα
405 2014 505 2074 τοῦτο
522 2014 584 2073 τοῦ
605 2014 713 2087 καλῶς
735 2008 969 2077 πολιτεύεσθαι
988 2017 1084 2096 νομί·

134 2113 268 2191 ζεσδαι,
287 2101 680 2190 ὅτιοόδὲΔημοσδέυους
691 2115 955 2193 κατηγοροῦντος
966 2108 1082 2178 ἑάλων.

95 2232 113 2281 5
133 2202 215 2293 μετά
234 2208 269 2272 δὲ
285 2205 411 2290 ταύτην
427 2205 489 2290 τὴν
506 2202 686 2290 συμφοράν
701 2207 757 2274 καλ
772 2213 889 2286 τελέας
909 2217 1085 2296 καταφανῆ

132 2313 216 2372 πᾶσι
231 2319 300 2384 τοῖς
310 2301 481 2390 Ἕλλησιν,
505 2303 671 2392 οὐχὸπως
691 2304 807 2390 μόνοις
823 2304 918 2390 ὑμῖν,
940 2306 1085 2392 ἐμαυτὸν

134 2412 245 2488 οίομαι
261 2405 442 2488 γεγονέναι.
464 2410 513 2481 τίς
522 2402 586 2490 γάρ
599 2399 662 2472 οὐκ
675 2402 781 2488 οδδευ,
794 2401 845 2470 ὅτι
855 2402 1085 2483 ἀποθανόντες

135 2507 170 2571 οί
178 2500 355 2587 ἅνθρωποι
364 2498 451 2570 οὕτω
463 2504 518 2568 καὶ
528 2502 710 2588 φεύγοντες
718 2504 756 2570 ἐκ
764 2509 822 2588 τῆς
832 2506 998 2588 πατρίδος,
1011 2503 1085 2572 τότε

136 2601 175 2688 δὴ
190 2604 245 2670 καὶ
261 2602 419 2689 μάλιστα,
440 2597 551 2668 ὁποῖοί
564 2626 652 2678 τινες
668 2601 820 2684 ἐγένοντο
836 2598 915 2680 τοὺς
929 2603 1084 2690 τρόπους,

97 2717 116 2770 6
136 2707 396 2779 διαδείκνυυται;
417 2703 473 2767 καὶ
491 2697 556 2785 γάρ
575 2697 836 2783 άσυνέτιρυπτον
853 2699 948 2768 αὐτοὶ
964 2703 1085 2786 πρότε-

134 2827 212 2886 ρον,
236 2803 272 2868 ἐκ
289 2801 594 2887 μέσουγενομέναν
605 2796 822 2883 άναφαίνεται
837 2808 1010 2888 καθαρῶς·
1033 2806 1086 2870 αί-
1101 2815 1153 2872 696

132 2907 240 2967 τιᾶται
256 2898 320 2985 γάρ
338 2897 426 2968 πολύ
443 2907 572 2985 μᾶλλον
588 2906 657 2966 τόν
673 2902 805 2985 ἐχθροῖν
826 2901 963 2982 ἕκαστος
986 2898 1085 2969 οὐδὲν

133 2997 302 3068 άντειπελν
321 3001 536 3084 δυναμένους.
560 3001 593 3064 ol
608 2997 644 3067 δὲ
662 2995 702 3084 δὴ
714 2998 897 3090 φεύγοντες
907 3002 959 3067 ἐπὶ
969 2999 1085 3067 τοιαό-

132 3124 205 3177 ταις
222 3104 355 3184 αἰτίαις,
379 3095 423 3175 ὡς
438 3095 477 3164 τά
495 3105 563 3165 τοῖν
580 3105 747 3183 πολεμίων
764 3095 814 3165 άεδ
825 3099 1084 3186 προαιρούμενοι

133 3198 188 3266 καὶ
200 3203 384 3281 παντελεῖς,
402 3197 592 3264 δεικνύουσι
603 3199 659 3264 καλ
670 3194 749 3275 τοδς
758 3195 903 3283 τρόπους
913 3200 969 3266 καλ
979 3197 1084 3276 τάςὲν

132 3303 180 3386 τῷ
195 3295 431 3364 πολιτεύεσθαι
447 3297 627 3382 γενομένας
649 3291 761 3373 αὐτοῖς
782 3295 916 3380 γνάμας
934 3321 1087 3382 καταφα-

134 3409 218 3473 νεῖς·
240 3391 378 3481 καὶγὰρ
397 3395 452 3462 καὶ
469 3393 559 3473 ὅπως
570 3397 713 3479 φέρουσι
723 3395 782 3473 τάς
792 3393 968 3480 συμφοράς
977 3395 1033 3464 καί
1042 3391 1085 3476 οδς

133 3491 315 3560 διάκεινται
327 3491 410 3578 πρὸς
420 3492 480 3571 τάς
490 3495 618 3562 ἑαυτῶν
629 3497 803 3577 πατρίδας,
815 3493 1016 3576 ἐξετάζονται
1025 3515 1086 3564 σα-
