<?xml version="1.0" encoding="UTF-8"?>
<!DOCTYPE html PUBLIC "-//W3C//DTD XHTML 1.0 Transitional//EN"
    "http://www.w3.org/TR/xhtml1/DTD/xhtml1-transitional.dtd">
<html xmlns="http://www.w3.org/1999/xhtml" xml:lang="en" lang="en">
 <head>
  <title>
</title>
<meta http-equiv="Content-Type" content="text/html;charset=utf-8" />
  <meta name='ocr-system' content='tesseract 3.04.00' />
  <meta name='ocr-capabilities' content='ocr_page ocr_carea ocr_par ocr_line ocrx_word'/>
</head>
<body>
  <div class='ocr_page' id='page_1' title='image "./isaeiorationesc00isaegoog_0435.png"; bbox 0 0 2510 3948; ppageno 0'>
   <div class='ocr_carea' id='block_1_1' title="bbox 185 289 787 352">
    <p class='ocr_par' dir='ltr' id='par_1_1' title="bbox 185 289 787 352">
     <span class='ocr_line' id='line_1_1' title="bbox 185 289 787 352; baseline -0.007 0"><span class='ocrx_word' id='word_1_1' title='bbox 185 289 247 352; x_wconf 84' lang='lat'><strong><em>154</em></strong></span> <span class='ocrx_word' id='word_1_2' title='bbox 532 291 787 351; x_wconf 74' lang='grc' dir='ltr'><strong><em>ΑΙΣΧΙΝΟΤ</em></strong></span> 
     </span>
    </p>
   </div>
   <div class='ocr_carea' id='block_1_2' title="bbox 114 447 1136 736">
    <p class='ocr_par' dir='ltr' id='par_1_2' title="bbox 114 447 1136 736">
     <span class='ocr_line' id='line_1_2' title="bbox 183 447 1136 550; baseline 0.002 -32"><span class='ocrx_word' id='word_1_3' title='bbox 183 448 384 550; x_wconf 76' lang='grc' dir='ltr'><strong><em>ραπεύοντες</em></strong></span> <span class='ocrx_word' id='word_1_4' title='bbox 400 447 479 528; x_wconf 81' lang='grc' dir='ltr'><strong><em>τοὺς</em></strong></span> <span class='ocrx_word' id='word_1_5' title='bbox 490 457 657 538; x_wconf 74' lang='grc' dir='ltr'><strong><em>Θηβαίους</em></strong></span> <span class='ocrx_word' id='word_1_6' title='bbox 675 451 847 535; x_wconf 80' lang='grc' dir='ltr'><strong><em>εἰσέφερον</em></strong></span> <span class='ocrx_word' id='word_1_7' title='bbox 864 451 973 537; x_wconf 80' lang='grc' dir='ltr'><em>δόγμα</em></span> <span class='ocrx_word' id='word_1_8' title='bbox 984 477 1067 519; x_wconf 93' lang='grc' dir='ltr'><strong><em>κατα</em></strong></span> <span class='ocrx_word' id='word_1_9' title='bbox 1079 459 1136 540; x_wconf 82' lang='grc' dir='ltr'><strong><em>τῆς</em></strong></span> 
     </span>
     <span class='ocr_line' id='line_1_3' title="bbox 182 544 1136 636; baseline 0.007 -24"><span class='ocrx_word' id='word_1_10' title='bbox 182 544 339 634; x_wconf 77' lang='grc' dir='ltr'><strong><em>ὑμετέρας</em></strong></span> <span class='ocrx_word' id='word_1_11' title='bbox 350 546 493 633; x_wconf 82' lang='grc' dir='ltr'><strong><em>πόλεως,</em></strong></span> <span class='ocrx_word' id='word_1_12' title='bbox 506 548 711 633; x_wconf 81' lang='grc' dir='ltr'><strong><em>πεντήκοντα</em></strong></span> <span class='ocrx_word' id='word_1_13' title='bbox 722 548 894 627; x_wconf 79' lang='grc' dir='ltr'><strong><em>ταλάντοις</em></strong></span> <span class='ocrx_word' id='word_1_14' title='bbox 905 554 1065 636; x_wconf 75' lang='grc' dir='ltr'><strong><em>ζημιῶσαι</em></strong></span> <span class='ocrx_word' id='word_1_15' title='bbox 1074 577 1136 619; x_wconf 89' lang='grc' dir='ltr'><strong><em>τον</em></strong></span> 
     </span>
     <span class='ocr_line' id='line_1_4' title="bbox 114 641 1136 736; baseline 0.004 -24"><span class='ocrx_word' id='word_1_16' title='bbox 114 664 166 720; x_wconf 73' lang='grc' dir='ltr'><strong><em>εοθ</em></strong></span> <span class='ocrx_word' id='word_1_17' title='bbox 179 650 287 731; x_wconf 80' lang='grc' dir='ltr'><strong><em>δῆμον</em></strong></span> <span class='ocrx_word' id='word_1_18' title='bbox 296 653 366 712; x_wconf 74' lang='grc' dir='ltr'><strong><em>τῶν</em></strong></span> <span class='ocrx_word' id='word_1_19' title='bbox 374 641 578 732; x_wconf 77' lang='grc' dir='ltr'><strong><em>Ἀθηναίων,</em></strong></span> <span class='ocrx_word' id='word_1_20' title='bbox 602 644 653 714; x_wconf 84' lang='grc' dir='ltr'><strong><em>ὅτι</em></strong></span> <span class='ocrx_word' id='word_1_21' title='bbox 667 655 792 732; x_wconf 78' lang='grc' dir='ltr'><strong><em>χρυσᾶς</em></strong></span> <span class='ocrx_word' id='word_1_22' title='bbox 810 645 952 728; x_wconf 91' lang='grc' dir='ltr'><strong><em>ἀσπίδας</em></strong></span> <span class='ocrx_word' id='word_1_23' title='bbox 969 649 1136 736; x_wconf 73' lang='grc' dir='ltr'><strong><em>ἀνέθηκεν</em></strong></span> 
     </span>
    </p>
   </div>
   <div class='ocr_carea' id='block_1_3' title="bbox 114 741 1241 3592">
    <p class='ocr_par' dir='ltr' id='par_1_3' title="bbox 180 741 1241 1228">
     <span class='ocr_line' id='line_1_5' title="bbox 182 741 1137 835; baseline 0.002 -23"><span class='ocrx_word' id='word_1_24' title='bbox 182 741 461 829; x_wconf 84' lang='grc' dir='ltr'><strong><em>πρὸςτόυκαινόν</em></strong></span> <span class='ocrx_word' id='word_1_25' title='bbox 477 744 656 828; x_wconf 81' lang='grc' dir='ltr'><strong><em>νεεδνπρὶν</em></strong></span> <span class='ocrx_word' id='word_1_26' title='bbox 667 745 906 833; x_wconf 76' lang='grc' dir='ltr'><strong><em>ἐξαρέσασθαι,</em></strong></span> <span class='ocrx_word' id='word_1_27' title='bbox 926 748 983 816; x_wconf 78' lang='grc' dir='ltr'><strong><em>καὶ</em></strong></span> <span class='ocrx_word' id='word_1_28' title='bbox 994 748 1137 835; x_wconf 76' lang='grc' dir='ltr'><strong><em>ἐπεγρά-</em></strong></span> 
     </span>
     <span class='ocr_line' id='line_1_6' title="bbox 182 840 1137 934; baseline 0.004 -23"><span class='ocrx_word' id='word_1_29' title='bbox 182 857 290 930; x_wconf 82' lang='grc' dir='ltr'><strong><em>ψαμεν</em></strong></span> <span class='ocrx_word' id='word_1_30' title='bbox 301 846 338 912; x_wconf 86' lang='grc' dir='ltr'><strong><em>τὸ</em></strong></span> <span class='ocrx_word' id='word_1_31' title='bbox 349 853 520 932; x_wconf 83' lang='grc' dir='ltr'><strong><em>προσῆκον</em></strong></span> <span class='ocrx_word' id='word_1_32' title='bbox 530 847 716 931; x_wconf 87' lang='grc' dir='ltr'><strong><em>ἐπίγραμμα</em></strong></span> <span class='ocrx_word' id='word_1_33' title='bbox 729 840 918 932; x_wconf 59' lang='grc' dir='ltr'><strong><em>,Ἀθηναῖοι</em></strong></span> <span class='ocrx_word' id='word_1_34' title='bbox 928 843 995 914; x_wconf 82' lang='grc' dir='ltr'><strong><em>ἀπὸ</em></strong></span> <span class='ocrx_word' id='word_1_35' title='bbox 1003 848 1137 934; x_wconf 81' lang='grc' dir='ltr'><strong><em>Μήδων</em></strong></span> 
     </span>
     <span class='ocr_line' id='line_1_7' title="bbox 180 941 1241 1031; baseline 0.002 -19"><span class='ocrx_word' id='word_1_36' title='bbox 180 949 235 1012; x_wconf 79' lang='grc' dir='ltr'><strong><em>καί</em></strong></span> <span class='ocrx_word' id='word_1_37' title='bbox 248 949 420 1030; x_wconf 81' lang='grc' dir='ltr'><strong><em>Θηβαίων,</em></strong></span> <span class='ocrx_word' id='word_1_38' title='bbox 445 942 500 1010; x_wconf 79' lang='grc' dir='ltr'><strong><em>ὅτε</em></strong></span> <span class='ocrx_word' id='word_1_39' title='bbox 517 941 676 1011; x_wconf 89' lang='grc' dir='ltr'><strong><em>τάναντία</em></strong></span> <span class='ocrx_word' id='word_1_40' title='bbox 688 957 755 1022; x_wconf 86' lang='grc' dir='ltr'><strong><em>τοίς</em></strong></span> <span class='ocrx_word' id='word_1_41' title='bbox 767 941 922 1030; x_wconf 83' lang='grc' dir='ltr'><strong><em>Ἕλλησιν</em></strong></span> <span class='ocrx_word' id='word_1_42' title='bbox 940 945 1135 1031; x_wconf 86' lang='grc' dir='ltr'><strong><em>έμάχοντο.“</em></strong></span> <span class='ocrx_word' id='word_1_43' title='bbox 1240 971 1241 982; x_wconf 67' lang='grc'>’</span> 
     </span>
     <span class='ocr_line' id='line_1_8' title="bbox 181 1040 1136 1129; baseline 0.001 -18"><span class='ocrx_word' id='word_1_44' title='bbox 181 1040 1136 1129; x_wconf 76' lang='grc' dir='ltr'><strong><em>μεταπεμψάμενοςδέμεὸίερομνημωνηξίουείσελδεῐνείς</em></strong></span> 
     </span>
     <span class='ocr_line' id='line_1_9' title="bbox 182 1138 1136 1228; baseline 0.002 -20"><span class='ocrx_word' id='word_1_45' title='bbox 182 1139 218 1208; x_wconf 85' lang='grc' dir='ltr'><strong><em>τὸ</em></strong></span> <span class='ocrx_word' id='word_1_46' title='bbox 238 1143 417 1224; x_wconf 90' lang='grc' dir='ltr'><strong><em>συνέδριον</em></strong></span> <span class='ocrx_word' id='word_1_47' title='bbox 439 1142 495 1208; x_wconf 80' lang='grc' dir='ltr'><strong><em>καὶ</em></strong></span> <span class='ocrx_word' id='word_1_48' title='bbox 520 1145 625 1208; x_wconf 82' lang='grc' dir='ltr'><strong><em>είπείν</em></strong></span> <span class='ocrx_word' id='word_1_49' title='bbox 641 1167 673 1207; x_wconf 90' lang='grc' dir='ltr'><strong><em>τι</em></strong></span> <span class='ocrx_word' id='word_1_50' title='bbox 689 1139 773 1223; x_wconf 79' lang='grc' dir='ltr'><strong><em>πρὸς</em></strong></span> <span class='ocrx_word' id='word_1_51' title='bbox 793 1138 871 1219; x_wconf 79' lang='grc' dir='ltr'><strong><em>τούς</em></strong></span> <span class='ocrx_word' id='word_1_52' title='bbox 890 1139 1136 1228; x_wconf 90' lang='grc' dir='ltr'><strong><em>Ἀμφικτύονας</em></strong></span> 
     </span>
    </p>

    <p class='ocr_par' dir='ltr' id='par_1_4' title="bbox 115 1236 1241 2313">
     <span class='ocr_line' id='line_1_10' title="bbox 115 1236 1190 1328; baseline 0.006 -26"><span class='ocrx_word' id='word_1_53' title='bbox 115 1245 167 1302; x_wconf 75' lang='grc'><strong><em>609</em></strong></span> <span class='ocrx_word' id='word_1_54' title='bbox 184 1236 269 1325; x_wconf 71' lang='grc' dir='ltr'><strong><em>ὑπὲρ</em></strong></span> <span class='ocrx_word' id='word_1_55' title='bbox 279 1249 338 1327; x_wconf 79' lang='grc' dir='ltr'><strong><em>τῆς</em></strong></span> <span class='ocrx_word' id='word_1_56' title='bbox 351 1241 493 1326; x_wconf 83' lang='grc' dir='ltr'><strong><em>πόλεως,</em></strong></span> <span class='ocrx_word' id='word_1_57' title='bbox 512 1238 682 1309; x_wconf 78' lang='grc' dir='ltr'><strong><em>καὶαύτὸν</em></strong></span> <span class='ocrx_word' id='word_1_58' title='bbox 698 1238 786 1307; x_wconf 79' lang='grc' dir='ltr'><strong><em>οὕτω</em></strong></span> <span class='ocrx_word' id='word_1_59' title='bbox 802 1243 1046 1328; x_wconf 88' lang='grc' dir='ltr'><strong><em>προηρημένον.</em></strong></span> <span class='ocrx_word' id='word_1_60' title='bbox 1072 1240 1138 1325; x_wconf 86' lang='grc' dir='ltr'><strong><em>ἀρ-</em></strong></span> <span class='ocrx_word' id='word_1_61' title='bbox 1153 1261 1190 1316; x_wconf 75' lang='grc' dir='ltr'><strong><em>ιη</em></strong></span> 
     </span>
     <span class='ocr_line' id='line_1_11' title="bbox 181 1337 1241 1426; baseline 0.002 -20"><span class='ocrx_word' id='word_1_62' title='bbox 181 1341 325 1426; x_wconf 88' lang='grc' dir='ltr'><strong><em>χομένον</em></strong></span> <span class='ocrx_word' id='word_1_63' title='bbox 337 1345 375 1408; x_wconf 84' lang='grc' dir='ltr'><strong><em>δέ</em></strong></span> <span class='ocrx_word' id='word_1_64' title='bbox 390 1365 455 1425; x_wconf 90' lang='grc' dir='ltr'><strong><em>μου</em></strong></span> <span class='ocrx_word' id='word_1_65' title='bbox 468 1342 575 1424; x_wconf 84' lang='grc' dir='ltr'><strong><em>λέγειν</em></strong></span> <span class='ocrx_word' id='word_1_66' title='bbox 590 1342 645 1405; x_wconf 85' lang='grc' dir='ltr'><strong><em>καὶ</em></strong></span> <span class='ocrx_word' id='word_1_67' title='bbox 657 1337 914 1424; x_wconf 81' lang='grc' dir='ltr'><strong><em>προθυμότερον</em></strong></span> <span class='ocrx_word' id='word_1_68' title='bbox 926 1363 997 1419; x_wconf 88' lang='grc' dir='ltr'><strong><em>πως</em></strong></span> <span class='ocrx_word' id='word_1_69' title='bbox 1005 1345 1133 1426; x_wconf 86' lang='grc' dir='ltr'><strong><em>είσελη-</em></strong></span> <span class='ocrx_word' id='word_1_70' title='bbox 1240 1361 1241 1408; x_wconf 58' lang='grc' dir='ltr'><strong><em>ι</em></strong></span> 
     </span>
     <span class='ocr_line' id='line_1_12' title="bbox 182 1437 1241 1525; baseline -0.001 -18"><span class='ocrx_word' id='word_1_71' title='bbox 182 1439 327 1517; x_wconf 82' lang='grc' dir='ltr'><strong><em>λνδότος</em></strong></span> <span class='ocrx_word' id='word_1_72' title='bbox 339 1445 385 1517; x_wconf 89' lang='grc' dir='ltr'><strong><em>είς</em></strong></span> <span class='ocrx_word' id='word_1_73' title='bbox 397 1437 432 1505; x_wconf 82' lang='grc' dir='ltr'><strong><em>τὸ</em></strong></span> <span class='ocrx_word' id='word_1_74' title='bbox 447 1441 639 1523; x_wconf 88' lang='grc' dir='ltr'><strong><em>συνέδριον,</em></strong></span> <span class='ocrx_word' id='word_1_75' title='bbox 658 1445 725 1506; x_wconf 76' lang='grc' dir='ltr'><strong><em>τιλν</em></strong></span> <span class='ocrx_word' id='word_1_76' title='bbox 736 1437 848 1507; x_wconf 85' lang='grc' dir='ltr'><strong><em>ἀλλων</em></strong></span> <span class='ocrx_word' id='word_1_77' title='bbox 859 1439 1063 1525; x_wconf 77' lang='grc' dir='ltr'><strong><em>πυλαγόρων</em></strong></span> <span class='ocrx_word' id='word_1_78' title='bbox 1075 1463 1135 1524; x_wconf 80' lang='grc' dir='ltr'><strong><em>με·</em></strong></span> <span class='ocrx_word' id='word_1_79' title='bbox 1240 1443 1241 1458; x_wconf 70' lang='grc'>’</span> 
     </span>
     <span class='ocr_line' id='line_1_13' title="bbox 181 1533 1241 1624; baseline -0.002 -18"><span class='ocrx_word' id='word_1_80' title='bbox 181 1535 611 1623; x_wconf 79' lang='grc' dir='ltr'><strong><em>δεστηκότων,ἀναβοη’σας</em></strong></span> <span class='ocrx_word' id='word_1_81' title='bbox 621 1565 670 1616; x_wconf 89' lang='grc' dir='ltr'><strong><em>τις</em></strong></span> <span class='ocrx_word' id='word_1_82' title='bbox 681 1533 982 1624; x_wconf 76' lang='grc' dir='ltr'><strong><em>τῶνἈμφισσέων,</em></strong></span> <span class='ocrx_word' id='word_1_83' title='bbox 995 1536 1136 1622; x_wconf 80' lang='grc' dir='ltr'><strong><em>ἀνδρω-</em></strong></span> <span class='ocrx_word' id='word_1_84' title='bbox 1240 1567 1241 1574; x_wconf 52' lang='grc'><strong>“</strong></span> 
     </span>
     <span class='ocr_line' id='line_1_14' title="bbox 181 1633 1136 1723; baseline 0 -19"><span class='ocrx_word' id='word_1_85' title='bbox 181 1661 242 1714; x_wconf 89' lang='grc' dir='ltr'><strong><em>πος</em></strong></span> <span class='ocrx_word' id='word_1_86' title='bbox 263 1633 495 1720; x_wconf 80' lang='grc' dir='ltr'><strong><em>ἀσελγέστατος</em></strong></span> <span class='ocrx_word' id='word_1_87' title='bbox 516 1639 588 1722; x_wconf 79' lang='grc' dir='ltr'><strong><em>καὶ,</em></strong></span> <span class='ocrx_word' id='word_1_88' title='bbox 623 1633 666 1714; x_wconf 75' lang='grc' dir='ltr'><strong><em>ὥς</em></strong></span> <span class='ocrx_word' id='word_1_89' title='bbox 686 1638 757 1723; x_wconf 83' lang='grc' dir='ltr'><strong><em>ἐμοὶ</em></strong></span> <span class='ocrx_word' id='word_1_90' title='bbox 778 1641 947 1723; x_wconf 87' lang='grc' dir='ltr'><strong><em>ἐφαίνετο,</em></strong></span> <span class='ocrx_word' id='word_1_91' title='bbox 978 1633 1136 1722; x_wconf 79' lang='grc' dir='ltr'><strong><em>οὐδεμιᾶς</em></strong></span> 
     </span>
     <span class='ocr_line' id='line_1_15' title="bbox 182 1732 1136 1820; baseline -0.001 -17"><span class='ocrx_word' id='word_1_92' title='bbox 182 1737 329 1812; x_wconf 76' lang='grc' dir='ltr'><strong><em>παιδείας</em></strong></span> <span class='ocrx_word' id='word_1_93' title='bbox 339 1732 561 1820; x_wconf 75' lang='grc' dir='ltr'><strong><em>μετεσχηκὸς,</em></strong></span> <span class='ocrx_word' id='word_1_94' title='bbox 585 1745 662 1812; x_wconf 86' lang='grc' dir='ltr'><strong><em>ίσως</em></strong></span> <span class='ocrx_word' id='word_1_95' title='bbox 674 1734 710 1802; x_wconf 73' lang='grc' dir='ltr'><strong><em>δέ</em></strong></span> <span class='ocrx_word' id='word_1_96' title='bbox 721 1736 774 1802; x_wconf 83' lang='grc' dir='ltr'><strong><em>καί</em></strong></span> <span class='ocrx_word' id='word_1_97' title='bbox 793 1738 968 1820; x_wconf 91' lang='grc' dir='ltr'><strong><em>δαιμονίου</em></strong></span> <span class='ocrx_word' id='word_1_98' title='bbox 978 1732 1071 1813; x_wconf 87' lang='grc' dir='ltr'><strong><em>τινδς</em></strong></span> <span class='ocrx_word' id='word_1_99' title='bbox 1081 1738 1136 1814; x_wconf 81' lang='grc' dir='ltr'><strong><em>ἐξ·</em></strong></span> 
     </span>
     <span class='ocr_line' id='line_1_16' title="bbox 182 1831 1134 1922; baseline -0.003 -19"><span class='ocrx_word' id='word_1_100' title='bbox 182 1834 386 1922; x_wconf 88' lang='grc' dir='ltr'><strong><em>αμαρτάνειν</em></strong></span> <span class='ocrx_word' id='word_1_101' title='bbox 398 1832 501 1903; x_wconf 81' lang='grc' dir='ltr'><strong><em>αὐτὸν</em></strong></span> <span class='ocrx_word' id='word_1_102' title='bbox 514 1835 762 1920; x_wconf 78' lang='grc' dir='ltr'><strong><em>προαγομένου,</em></strong></span> <span class='ocrx_word' id='word_1_103' title='bbox 785 1884 806 1920; x_wconf 91' lang='grc'><strong><em>,,</em></strong></span> <span class='ocrx_word' id='word_1_104' title='bbox 814 1831 919 1919; x_wconf 77' lang='grc' dir='ltr'><strong><em>ἀρχὴν</em></strong></span> <span class='ocrx_word' id='word_1_105' title='bbox 937 1837 975 1901; x_wconf 92' lang='grc' dir='ltr'><strong><em>δέ</em></strong></span> <span class='ocrx_word' id='word_1_106' title='bbox 983 1859 1020 1919; x_wconf 91' lang='grc' dir='ltr'><strong><em>γε</em></strong></span> <span class='ocrx_word' id='word_1_107' title='bbox 1029 1839 1052 1875; x_wconf 82' lang='grc'><strong>“</strong></span> <span class='ocrx_word' id='word_1_108' title='bbox 1070 1839 1134 1920; x_wconf 84' lang='grc' dir='ltr'><strong><em>ἔφη</em></strong></span> 
     </span>
     <span class='ocr_line' id='line_1_17' title="bbox 182 1927 1136 2021; baseline -0.004 -19"><span class='ocrx_word' id='word_1_109' title='bbox 182 1927 235 2021; x_wconf 67' lang='grc' dir='ltr'><strong><em>,μδ</em></strong></span> <span class='ocrx_word' id='word_1_110' title='bbox 247 1933 367 2020; x_wconf 86' lang='grc' dir='ltr'><strong><em>ἀνδρες</em></strong></span> <span class='ocrx_word' id='word_1_111' title='bbox 378 1932 550 2020; x_wconf 82' lang='grc' dir='ltr'><strong><em>Ἕλληνες,</em></strong></span> <span class='ocrx_word' id='word_1_112' title='bbox 563 1940 593 2001; x_wconf 89' lang='grc' dir='ltr'><strong><em>εί</em></strong></span> <span class='ocrx_word' id='word_1_113' title='bbox 602 1936 836 2018; x_wconf 76' lang='grc' dir='ltr'><strong><em>ἐσωφρονεῖτε,</em></strong></span> <span class='ocrx_word' id='word_1_114' title='bbox 856 1930 929 2000; x_wconf 81' lang='grc' dir='ltr'><strong><em>οὐδ’</em></strong></span> <span class='ocrx_word' id='word_1_115' title='bbox 943 1927 988 2000; x_wconf 87' lang='grc' dir='ltr'><strong><em>ἀν</em></strong></span> <span class='ocrx_word' id='word_1_116' title='bbox 999 1931 1136 2018; x_wconf 76' lang='grc' dir='ltr'><strong><em>ἀνομά-</em></strong></span> 
     </span>
     <span class='ocr_line' id='line_1_18' title="bbox 183 2026 1134 2118; baseline -0.001 -22"><span class='ocrx_word' id='word_1_117' title='bbox 183 2037 252 2110; x_wconf 79' lang='grc' dir='ltr'><strong><em>ζετο</em></strong></span> <span class='ocrx_word' id='word_1_118' title='bbox 264 2031 412 2116; x_wconf 85' lang='grc' dir='ltr'><strong><em>τούνομα</em></strong></span> <span class='ocrx_word' id='word_1_119' title='bbox 422 2039 484 2098; x_wconf 82' lang='grc' dir='ltr'><strong><em>τοῦ</em></strong></span> <span class='ocrx_word' id='word_1_120' title='bbox 496 2030 603 2118; x_wconf 82' lang='grc' dir='ltr'><strong><em>δήμου</em></strong></span> <span class='ocrx_word' id='word_1_121' title='bbox 614 2037 681 2098; x_wconf 72' lang='grc' dir='ltr'><strong><em>τοῖν</em></strong></span> <span class='ocrx_word' id='word_1_122' title='bbox 694 2026 883 2116; x_wconf 75' lang='grc' dir='ltr'><strong><em>Ἀθηναίων</em></strong></span> <span class='ocrx_word' id='word_1_123' title='bbox 893 2033 930 2098; x_wconf 88' lang='grc' dir='ltr'><strong><em>ἐν</em></strong></span> <span class='ocrx_word' id='word_1_124' title='bbox 940 2035 1054 2098; x_wconf 77' lang='grc' dir='ltr'><strong><em>ταῖσδε</em></strong></span> <span class='ocrx_word' id='word_1_125' title='bbox 1063 2043 1134 2107; x_wconf 69' lang='grc' dir='ltr'><strong><em>ταας</em></strong></span> 
     </span>
     <span class='ocr_line' id='line_1_19' title="bbox 182 2125 1201 2221; baseline 0.003 -29"><span class='ocrx_word' id='word_1_126' title='bbox 182 2125 336 2215; x_wconf 83' lang='grc' dir='ltr'><strong><em>ἡμέραις,</em></strong></span> <span class='ocrx_word' id='word_1_127' title='bbox 357 2125 426 2196; x_wconf 86' lang='grc' dir='ltr'><strong><em>ἀλλ’</em></strong></span> <span class='ocrx_word' id='word_1_128' title='bbox 442 2127 484 2221; x_wconf 81' lang='grc' dir='ltr'><strong><em>ιδς</em></strong></span> <span class='ocrx_word' id='word_1_129' title='bbox 501 2132 627 2214; x_wconf 79' lang='grc' dir='ltr'><strong><em>ἐναγεῖς</em></strong></span> <span class='ocrx_word' id='word_1_130' title='bbox 645 2127 772 2215; x_wconf 82' lang='grc' dir='ltr'><strong><em>ἐξηγετε</em></strong></span> <span class='ocrx_word' id='word_1_131' title='bbox 783 2131 819 2196; x_wconf 87' lang='grc' dir='ltr'><strong><em>ἐκ</em></strong></span> <span class='ocrx_word' id='word_1_132' title='bbox 830 2133 1036 2213; x_wconf 66' lang='grc' dir='ltr'><strong><em>τοῦ·ίερού.“</em></strong></span> <span class='ocrx_word' id='word_1_133' title='bbox 1065 2127 1135 2214; x_wconf 78' lang='grc' dir='ltr'><strong><em>ἅμα</em></strong></span> <span class='ocrx_word' id='word_1_134' title='bbox 1153 2158 1201 2212; x_wconf 70' lang='lat' dir='ltr'><strong><em>lle</em></strong></span> 
     </span>
     <span class='ocr_line' id='line_1_20' title="bbox 183 2224 1137 2313; baseline 0 -19"><span class='ocrx_word' id='word_1_135' title='bbox 183 2227 218 2294; x_wconf 72' lang='grc' dir='ltr'><strong><em>δὲ</em></strong></span> <span class='ocrx_word' id='word_1_136' title='bbox 230 2227 388 2312; x_wconf 85' lang='grc' dir='ltr'><strong><em>ἐμέμνητο</em></strong></span> <span class='ocrx_word' id='word_1_137' title='bbox 407 2234 465 2311; x_wconf 81' lang='grc' dir='ltr'><strong><em>τῆς</em></strong></span> <span class='ocrx_word' id='word_1_138' title='bbox 480 2233 548 2293; x_wconf 75' lang='grc' dir='ltr'><strong><em>τῶν</em></strong></span> <span class='ocrx_word' id='word_1_139' title='bbox 566 2231 710 2295; x_wconf 89' lang='grc' dir='ltr'><strong><em>Φωκέων</em></strong></span> <span class='ocrx_word' id='word_1_140' title='bbox 728 2234 928 2313; x_wconf 88' lang='grc' dir='ltr'><strong><em>συμμαχίας,</em></strong></span> <span class='ocrx_word' id='word_1_141' title='bbox 949 2224 1022 2312; x_wconf 82' lang='grc' dir='ltr'><strong><em>ἢνὸ</em></strong></span> <span class='ocrx_word' id='word_1_142' title='bbox 1035 2233 1137 2308; x_wconf 89' lang='grc' dir='ltr'><strong><em>Κρω-</em></strong></span> 
     </span>
    </p>

    <p class='ocr_par' dir='ltr' id='par_1_5' title="bbox 114 2324 1241 3592">
     <span class='ocr_line' id='line_1_21' title="bbox 114 2324 1137 2416; baseline 0.002 -26"><span class='ocrx_word' id='word_1_143' title='bbox 114 2326 284 2416; x_wconf 76' lang='grc' dir='ltr'><strong><em>61οβύλος</em></strong></span> <span class='ocrx_word' id='word_1_144' title='bbox 306 2329 430 2404; x_wconf 87' lang='grc' dir='ltr'><strong><em>έκείνος</em></strong></span> <span class='ocrx_word' id='word_1_145' title='bbox 452 2330 588 2410; x_wconf 78' lang='grc' dir='ltr'><strong><em>ἔγραψε,</em></strong></span> <span class='ocrx_word' id='word_1_146' title='bbox 613 2327 667 2394; x_wconf 78' lang='grc' dir='ltr'><strong><em>καί</em></strong></span> <span class='ocrx_word' id='word_1_147' title='bbox 687 2324 771 2394; x_wconf 84' lang='grc' dir='ltr'><strong><em>ἀλλα</em></strong></span> <span class='ocrx_word' id='word_1_148' title='bbox 791 2324 898 2394; x_wconf 78' lang='grc' dir='ltr'><strong><em>πολλοὶ</em></strong></span> <span class='ocrx_word' id='word_1_149' title='bbox 915 2329 971 2393; x_wconf 77' lang='grc' dir='ltr'><strong><em>καὶ</em></strong></span> <span class='ocrx_word' id='word_1_150' title='bbox 990 2329 1137 2411; x_wconf 82' lang='grc' dir='ltr'><strong><em>δυσχερῆ</em></strong></span> 
     </span>
     <span class='ocr_line' id='line_1_22' title="bbox 182 2420 1136 2513; baseline -0.006 -17"><span class='ocrx_word' id='word_1_151' title='bbox 182 2424 266 2496; x_wconf 80' lang='grc' dir='ltr'><strong><em>κατὰ</em></strong></span> <span class='ocrx_word' id='word_1_152' title='bbox 277 2433 334 2513; x_wconf 79' lang='grc' dir='ltr'><strong><em>τῆς</em></strong></span> <span class='ocrx_word' id='word_1_153' title='bbox 345 2426 472 2505; x_wconf 89' lang='grc' dir='ltr'><strong><em>πόλεως</em></strong></span> <span class='ocrx_word' id='word_1_154' title='bbox 483 2423 602 2511; x_wconf 79' lang='grc' dir='ltr'><strong><em>διεξῄει</em></strong></span> <span class='ocrx_word' id='word_1_155' title='bbox 614 2426 737 2510; x_wconf 90' lang='grc' dir='ltr'><strong><em>λέγων,</em></strong></span> <span class='ocrx_word' id='word_1_156' title='bbox 760 2423 855 2510; x_wconf 78' lang='grc' dir='ltr'><strong><em>ἀέγώ</em></strong></span> <span class='ocrx_word' id='word_1_157' title='bbox 868 2421 944 2492; x_wconf 81' lang='grc' dir='ltr'><strong><em>ούιε</em></strong></span> <span class='ocrx_word' id='word_1_158' title='bbox 956 2420 1017 2492; x_wconf 85' lang='grc' dir='ltr'><strong><em>τότ’</em></strong></span> <span class='ocrx_word' id='word_1_159' title='bbox 1033 2427 1136 2508; x_wconf 89' lang='grc' dir='ltr'><strong><em>ἐκαρ-</em></strong></span> 
     </span>
     <span class='ocr_line' id='line_1_23' title="bbox 180 2521 1136 2611; baseline -0.005 -18"><span class='ocrx_word' id='word_1_160' title='bbox 180 2529 301 2611; x_wconf 88' lang='grc' dir='ltr'><strong><em>τέρουν</em></strong></span> <span class='ocrx_word' id='word_1_161' title='bbox 328 2522 465 2592; x_wconf 88' lang='grc' dir='ltr'><strong><em>ἀκούων</em></strong></span> <span class='ocrx_word' id='word_1_162' title='bbox 491 2522 568 2591; x_wconf 80' lang='grc' dir='ltr'><strong><em>οὔτε</em></strong></span> <span class='ocrx_word' id='word_1_163' title='bbox 595 2531 661 2590; x_wconf 80' lang='grc' dir='ltr'><strong><em>νῦν</em></strong></span> <span class='ocrx_word' id='word_1_164' title='bbox 682 2521 788 2609; x_wconf 78' lang='grc' dir='ltr'><strong><em>ἡδέως</em></strong></span> <span class='ocrx_word' id='word_1_165' title='bbox 816 2527 982 2610; x_wconf 89' lang='grc' dir='ltr'><strong><em>μέμνημαι</em></strong></span> <span class='ocrx_word' id='word_1_166' title='bbox 1008 2521 1136 2590; x_wconf 74' lang='grc' dir='ltr'><strong><em>αὐτῶν.</em></strong></span> 
     </span>
     <span class='ocr_line' id='line_1_24' title="bbox 183 2618 1138 2712; baseline -0.005 -19"><span class='ocrx_word' id='word_1_167' title='bbox 183 2623 329 2704; x_wconf 89' lang='grc' dir='ltr'><strong><em>ἀκούσας</em></strong></span> <span class='ocrx_word' id='word_1_168' title='bbox 340 2625 377 2694; x_wconf 72' lang='grc' dir='ltr'><strong><em>δὲ</em></strong></span> <span class='ocrx_word' id='word_1_169' title='bbox 393 2622 481 2692; x_wconf 81' lang='grc' dir='ltr'><strong><em>οὕτω</em></strong></span> <span class='ocrx_word' id='word_1_170' title='bbox 493 2622 737 2710; x_wconf 76' lang='grc' dir='ltr'><strong><em>παρωξύνθην,</em></strong></span> <span class='ocrx_word' id='word_1_171' title='bbox 760 2619 805 2701; x_wconf 80' lang='grc' dir='ltr'><strong><em>ἀς</em></strong></span> <span class='ocrx_word' id='word_1_172' title='bbox 822 2618 1026 2690; x_wconf 77' lang='grc' dir='ltr'><strong><em>οὐδεπώποτ’</em></strong></span> <span class='ocrx_word' id='word_1_173' title='bbox 1040 2623 1078 2689; x_wconf 82' lang='grc' dir='ltr'><strong><em>ἐν</em></strong></span> <span class='ocrx_word' id='word_1_174' title='bbox 1089 2630 1138 2712; x_wconf 75' lang='grc' dir='ltr'><strong><em>τῷ</em></strong></span> 
     </span>
     <span class='ocr_line' id='line_1_25' title="bbox 182 2717 1138 2812; baseline -0.006 -20"><span class='ocrx_word' id='word_1_175' title='bbox 182 2728 328 2811; x_wconf 80' lang='grc' dir='ltr'><strong><em>ἐμαυτοῦ</em></strong></span> <span class='ocrx_word' id='word_1_176' title='bbox 336 2731 408 2812; x_wconf 79' lang='grc' dir='ltr'><strong><em>βίῳ.</em></strong></span> <span class='ocrx_word' id='word_1_177' title='bbox 441 2725 496 2791; x_wconf 79' lang='grc' dir='ltr'><strong><em>καί</em></strong></span> <span class='ocrx_word' id='word_1_178' title='bbox 508 2719 587 2802; x_wconf 79' lang='grc' dir='ltr'><strong><em>τούς</em></strong></span> <span class='ocrx_word' id='word_1_179' title='bbox 598 2722 659 2807; x_wconf 72' lang='grc' dir='ltr'><strong><em>μέν</em></strong></span> <span class='ocrx_word' id='word_1_180' title='bbox 676 2721 799 2800; x_wconf 87' lang='grc' dir='ltr'><strong><em>ἀλλους</em></strong></span> <span class='ocrx_word' id='word_1_181' title='bbox 809 2720 931 2806; x_wconf 89' lang='grc' dir='ltr'><strong><em>λόγους</em></strong></span> <span class='ocrx_word' id='word_1_182' title='bbox 941 2717 1138 2806; x_wconf 78' lang='grc' dir='ltr'><strong><em>ὑπερβήσο-</em></strong></span> 
     </span>
     <span class='ocr_line' id='line_1_26' title="bbox 180 2817 1135 2911; baseline -0.005 -23"><span class='ocrx_word' id='word_1_183' title='bbox 180 2848 254 2911; x_wconf 89' lang='grc' dir='ltr'><strong><em>μαι·</em></strong></span> <span class='ocrx_word' id='word_1_184' title='bbox 278 2825 404 2907; x_wconf 79' lang='grc' dir='ltr'><strong><em>ἐπῆλθε</em></strong></span> <span class='ocrx_word' id='word_1_185' title='bbox 421 2825 458 2888; x_wconf 84' lang='grc' dir='ltr'><strong><em>δέ</em></strong></span> <span class='ocrx_word' id='word_1_186' title='bbox 473 2846 530 2907; x_wconf 91' lang='grc' dir='ltr'><strong><em>μοι</em></strong></span> <span class='ocrx_word' id='word_1_187' title='bbox 544 2823 597 2888; x_wconf 83' lang='grc' dir='ltr'><strong><em>ἐπὶ</em></strong></span> <span class='ocrx_word' id='word_1_188' title='bbox 615 2817 677 2905; x_wconf 82' lang='grc' dir='ltr'><strong><em>τὴν</em></strong></span> <span class='ocrx_word' id='word_1_189' title='bbox 699 2819 838 2906; x_wconf 73' lang='grc' dir='ltr'><strong><em>γνώμην</em></strong></span> <span class='ocrx_word' id='word_1_190' title='bbox 861 2824 1054 2905; x_wconf 77' lang='grc' dir='ltr'><strong><em>μνησθῆναι</em></strong></span> <span class='ocrx_word' id='word_1_191' title='bbox 1074 2825 1135 2902; x_wconf 82' lang='grc' dir='ltr'><strong><em>τῆς</em></strong></span> 
     </span>
     <span class='ocr_line' id='line_1_27' title="bbox 181 2915 1135 3005; baseline -0.008 -15"><span class='ocrx_word' id='word_1_192' title='bbox 181 2928 248 2989; x_wconf 80' lang='grc' dir='ltr'><strong><em>τῶν</em></strong></span> <span class='ocrx_word' id='word_1_193' title='bbox 257 2917 461 3005; x_wconf 81' lang='grc' dir='ltr'><strong><em>Ἀμφισσέων</em></strong></span> <span class='ocrx_word' id='word_1_194' title='bbox 473 2920 547 3000; x_wconf 77' lang='grc' dir='ltr'><strong><em>περὶ</em></strong></span> <span class='ocrx_word' id='word_1_195' title='bbox 557 2916 620 3004; x_wconf 80' lang='grc' dir='ltr'><strong><em>τὴν</em></strong></span> <span class='ocrx_word' id='word_1_196' title='bbox 636 2925 699 3004; x_wconf 80' lang='grc' dir='ltr'><strong><em>γῆν</em></strong></span> <span class='ocrx_word' id='word_1_197' title='bbox 711 2915 772 3004; x_wconf 78' lang='grc' dir='ltr'><strong><em>την</em></strong></span> <span class='ocrx_word' id='word_1_198' title='bbox 783 2915 877 3002; x_wconf 83' lang='grc' dir='ltr'><strong><em>ίεράν</em></strong></span> <span class='ocrx_word' id='word_1_199' title='bbox 888 2915 1051 3004; x_wconf 81' lang='grc' dir='ltr'><strong><em>ἀσεβείας,</em></strong></span> <span class='ocrx_word' id='word_1_200' title='bbox 1073 2919 1135 2983; x_wconf 84' lang='grc' dir='ltr'><strong><em>καὶ</em></strong></span> 
     </span>
     <span class='ocr_line' id='line_1_28' title="bbox 181 3009 1138 3104; baseline -0.003 -18"><span class='ocrx_word' id='word_1_201' title='bbox 181 3018 329 3087; x_wconf 77' lang='grc' dir='ltr'><strong><em>αὐτόθεν</em></strong></span> <span class='ocrx_word' id='word_1_202' title='bbox 346 3014 489 3104; x_wconf 73' lang='grc' dir='ltr'><strong><em>ἑστηκώς</em></strong></span> <span class='ocrx_word' id='word_1_203' title='bbox 506 3019 677 3084; x_wconf 81' lang='grc' dir='ltr'><strong><em>ἐδείκνυον</em></strong></span> <span class='ocrx_word' id='word_1_204' title='bbox 694 3030 761 3095; x_wconf 80' lang='grc' dir='ltr'><strong><em>τοῖς</em></strong></span> <span class='ocrx_word' id='word_1_205' title='bbox 776 3013 1026 3101; x_wconf 79' lang='grc' dir='ltr'><strong><em>Ἀμφικτύοσιν·</em></strong></span> <span class='ocrx_word' id='word_1_206' title='bbox 1046 3009 1138 3083; x_wconf 76' lang='grc' dir='ltr'><strong><em>ὑπό-</em></strong></span> 
     </span>
     <span class='ocr_line' id='line_1_29' title="bbox 181 3110 1138 3204; baseline -0.005 -19"><span class='ocrx_word' id='word_1_207' title='bbox 181 3142 285 3185; x_wconf 88' lang='grc' dir='ltr'><strong><em>κειται</em></strong></span> <span class='ocrx_word' id='word_1_208' title='bbox 291 3113 355 3202; x_wconf 86' lang='grc' dir='ltr'><strong><em>γάρ</em></strong></span> <span class='ocrx_word' id='word_1_209' title='bbox 363 3113 400 3183; x_wconf 86' lang='grc' dir='ltr'><strong><em>τδ</em></strong></span> <span class='ocrx_word' id='word_1_210' title='bbox 409 3123 569 3202; x_wconf 80' lang='grc' dir='ltr'><strong><em>Κιρραῖον</em></strong></span> <span class='ocrx_word' id='word_1_211' title='bbox 580 3121 747 3204; x_wconf 75' lang='grc' dir='ltr'><strong><em>πεδίοντηλ</em></strong></span> <span class='ocrx_word' id='word_1_212' title='bbox 757 3119 834 3204; x_wconf 76' lang='grc' dir='ltr'><strong><em>ἱερῷ</em></strong></span> <span class='ocrx_word' id='word_1_213' title='bbox 846 3116 901 3183; x_wconf 84' lang='grc' dir='ltr'><strong><em>καὶ</em></strong></span> <span class='ocrx_word' id='word_1_214' title='bbox 912 3110 1138 3182; x_wconf 81' lang='grc' dir='ltr'><strong><em>ἔστινεύσύν-</em></strong></span> 
     </span>
     <span class='ocr_line' id='line_1_30' title="bbox 185 3207 1241 3306; baseline -0.005 -21"><span class='ocrx_word' id='word_1_215' title='bbox 185 3240 297 3285; x_wconf 89' lang='grc' dir='ltr'><strong><em>οπτον.</em></strong></span> <span class='ocrx_word' id='word_1_216' title='bbox 328 3212 476 3306; x_wconf 81' lang='grc' dir='ltr'><strong><em>,,ὁράτ’,“</em></strong></span> <span class='ocrx_word' id='word_1_217' title='bbox 494 3215 672 3301; x_wconf 80' lang='grc' dir='ltr'><strong><em>έφηνέγά,</em></strong></span> <span class='ocrx_word' id='word_1_218' title='bbox 697 3207 751 3300; x_wconf 62' lang='grc' dir='ltr'><strong><em>,ω’</em></strong></span> <span class='ocrx_word' id='word_1_219' title='bbox 760 3212 879 3299; x_wconf 88' lang='grc' dir='ltr'><strong><em>ἀνδρες</em></strong></span> <span class='ocrx_word' id='word_1_220' title='bbox 887 3210 1138 3299; x_wconf 89' lang='grc' dir='ltr'><strong><em>Ἀμφικτύονες,</em></strong></span> <span class='ocrx_word' id='word_1_221' title='bbox 1158 3224 1205 3282; x_wconf 81' lang='grc'><strong><em>119</em></strong></span> <span class='ocrx_word' id='word_1_222' title='bbox 1240 3277 1241 3286; x_wconf 72' lang='grc'><strong><em>,</em></strong></span> 
     </span>
     <span class='ocr_line' id='line_1_31' title="bbox 183 3309 1136 3401; baseline -0.005 -19"><span class='ocrx_word' id='word_1_223' title='bbox 183 3318 434 3401; x_wconf 84' lang='grc' dir='ltr'><strong><em>ἐξειργασμένον</em></strong></span> <span class='ocrx_word' id='word_1_224' title='bbox 444 3321 543 3382; x_wconf 83' lang='grc' dir='ltr'><strong><em>τοῦτο</em></strong></span> <span class='ocrx_word' id='word_1_225' title='bbox 563 3311 598 3382; x_wconf 84' lang='grc' dir='ltr'>τό</span> <span class='ocrx_word' id='word_1_226' title='bbox 621 3319 736 3382; x_wconf 85' lang='grc' dir='ltr'><strong><em>πεδίον</em></strong></span> <span class='ocrx_word' id='word_1_227' title='bbox 757 3309 822 3380; x_wconf 84' lang='grc' dir='ltr'><strong><em>ὑπὸ</em></strong></span> <span class='ocrx_word' id='word_1_228' title='bbox 841 3319 910 3378; x_wconf 73' lang='grc' dir='ltr'><strong><em>τῶν</em></strong></span> <span class='ocrx_word' id='word_1_229' title='bbox 925 3311 1136 3397; x_wconf 87' lang='grc' dir='ltr'><strong><em>Ἀμφισσέων</em></strong></span> 
     </span>
     <span class='ocr_line' id='line_1_32' title="bbox 182 3405 1138 3502; baseline -0.004 -25"><span class='ocrx_word' id='word_1_230' title='bbox 182 3414 237 3478; x_wconf 77' lang='grc' dir='ltr'><strong><em>καὶ</em></strong></span> <span class='ocrx_word' id='word_1_231' title='bbox 256 3427 413 3498; x_wconf 79' lang='grc' dir='ltr'><strong><em>κεραμεῖα</em></strong></span> <span class='ocrx_word' id='word_1_232' title='bbox 434 3413 708 3502; x_wconf 77' lang='grc' dir='ltr'><strong><em>ἐνῳκοδομημένα</em></strong></span> <span class='ocrx_word' id='word_1_233' title='bbox 730 3411 788 3477; x_wconf 81' lang='grc' dir='ltr'><strong><em>καί·</em></strong></span> <span class='ocrx_word' id='word_1_234' title='bbox 802 3405 916 3476; x_wconf 85' lang='grc' dir='ltr'><strong><em>αύλια·</em></strong></span> <span class='ocrx_word' id='word_1_235' title='bbox 945 3405 1044 3491; x_wconf 80' lang='grc' dir='ltr'><strong><em>δρᾶτε</em></strong></span> <span class='ocrx_word' id='word_1_236' title='bbox 1066 3420 1138 3485; x_wconf 80' lang='grc' dir='ltr'><strong><em>τοῖς</em></strong></span> 
     </span>
     <span class='ocr_line' id='line_1_33' title="bbox 182 3500 1138 3592; baseline 0.001 -23"><span class='ocrx_word' id='word_1_237' title='bbox 182 3500 370 3588; x_wconf 78' lang='grc' dir='ltr'><strong><em>ὀφθαλμοῖς</em></strong></span> <span class='ocrx_word' id='word_1_238' title='bbox 381 3504 442 3572; x_wconf 87' lang='grc' dir='ltr'><strong><em>τὸν</em></strong></span> <span class='ocrx_word' id='word_1_239' title='bbox 464 3509 635 3592; x_wconf 81' lang='grc' dir='ltr'><strong><em>ἐξάγιστον</em></strong></span> <span class='ocrx_word' id='word_1_240' title='bbox 652 3509 707 3574; x_wconf 84' lang='grc' dir='ltr'><strong><em>καὶ</em></strong></span> <span class='ocrx_word' id='word_1_241' title='bbox 724 3505 891 3590; x_wconf 88' lang='grc' dir='ltr'><strong><em>ἐπάρατον</em></strong></span> <span class='ocrx_word' id='word_1_242' title='bbox 902 3504 1018 3589; x_wconf 86' lang='grc' dir='ltr'><strong><em>λιμένα</em></strong></span> <span class='ocrx_word' id='word_1_243' title='bbox 1027 3527 1138 3571; x_wconf 73' lang='grc' dir='ltr'><strong><em>τετει·</em></strong></span> 
     </span>
    </p>
   </div>
   <div class='ocr_carea' id='block_1_4' title="bbox 0 0 1263 3948">
    <p class='ocr_par' dir='ltr' id='par_1_6' title="bbox 0 0 1263 3948">
     <span class='ocr_line' id='line_1_34' title="bbox 0 0 1263 3948; baseline 0 0"><span class='ocrx_word' id='word_1_244' title='bbox 0 0 1263 3948; x_wconf 95' lang='lat' dir='ltr'><strong><em> </em></strong></span> 
     </span>
    </p>
   </div>
  </div>
 </body>
</html>
