2474 3946
372 255 500 314 RATA
526 255 790 315 ΤΙΜΑΡΧΟΤ.
1014 252 1055 320 ³1

101 422 165 484 τού
181 411 266 495 Διὸς
282 416 339 484 καλ
353 421 422 482 τῶν
436 421 545 497 θεαῖν,
568 417 599 480 εί
611 415 665 481 ἐπὶ
680 409 743 499 τήν
756 410 864 498 αύτήν
874 412 1056 500 ἐτράποντο

103 511 288 600 ἀπολογίαν
305 511 411 600 ήνπερ
432 516 594 598 Τίμαρχος
609 510 687 578 νυνὶ
697 511 753 579 καί
763 512 798 578 οί
806 511 1058 599 συναγορεύον-

103 635 156 690 τες
173 608 282 700 αύτῷ,
302 611 357 678 καὶ
373 606 488 696 ήξίουυ
505 607 689 695 διαρρήδην
704 621 884 694 μαρτυρεῖν
903 611 979 693 περὶ
999 619 1056 698 τῆς

103 702 247 794 αίτίαςή
268 705 346 787 τούς
367 706 522 786 δικαστὰς
542 706 587 794 μή
609 706 789 774 πιστεύειν·
812 705 926 776 ἅπασα
946 709 1056 797 δήπου

105 805 236 894 ἀνάγκη
253 799 298 893 ήν
314 810 350 877 ἐκ
368 813 429 875 τοῦ
448 806 553 892 λόγον
567 803 690 875 τούτου
708 819 890 893 μαρτυρεῖν
905 805 967 875 τδν
983 809 1055 896 μὲν,

106 901 151 983 ὥς
161 905 300 988 ἐδέκαζε,
313 901 374 972 τδν
385 904 431 989 δὲ,
444 899 488 982 ὡς
497 903 675 989 ἐδεκάζετο,
686 907 903 991 προκειμένης
913 906 1055 998 ἐκατέρῳ

105 1009 218 1090 ζημίας
236 1007 271 1071 ἐκ
288 1011 350 1072 τοῦ
366 1003 474 1090 νόμον
483 1002 653 1088 θανάτου,
672 1001 783 1089 ὥσπερ
794 1004 926 1092 ἐνθάδ’,
937 1007 1057 1088 ἐύντις
1150 1075 1153 1081 .

107 1101 319 1190 μισθώσηταί
326 1129 400 1172 τινα
408 1100 597 1190 Ἀθηναίων
606 1099 662 1188 ἐφ’
674 1102 788 1192 ὕβρει,
809 1108 864 1176 καὶ
881 1106 984 1178 πάλιν
993 1110 1054 1178 ἐύν

106 1227 157 1281 τις
172 1198 358 1288 Ἀθηναίων
375 1203 428 1270 ἐπὶ
444 1209 486 1288 τῇ
501 1209 563 1270 τοῦ
579 1200 730 1288 σώματος
747 1205 887 1291 αἰσχύνη
904 1204 991 1272 ἐκύν
1001 1233 1057 1293 μι-

54 1319 91 1374 88
107 1307 249 1388 σθαρνή.
272 1305 361 1369 ἐστιν
378 1294 443 1372 ούν
460 1300 550 1380 ὅστις
561 1296 605 1370 ύν
615 1301 858 1391 ἐμαρτύρησεν,
881 1299 1056 1391 ήκατήχο-
1073 1314 1122 1374 111
1188 1343 1193 1350 ·

107 1423 165 1482 ρος
180 1393 217 1478 δς
232 1401 415 1486 ἐνεχείρησε
436 1399 594 1487 τοιαύτην
614 1398 783 1480 ἀπόδειξιν
804 1411 974 1472 ποιεῖσθαι
995 1412 1057 1472 τοῦ

106 1494 313 1583 πρύμματοςς
324 1495 366 1566 ού
377 1503 467 1585 δήια.
480 1504 515 1565 τί
522 1489 600 1578 ούνς
618 1496 792 1585 ἀπέφυγον
803 1505 838 1570 οί
845 1503 1055 1590 κρινόμενοις

105 1595 151 1683 μύ
161 1596 222 1665 τὸν
230 1593 407 1683 Ἡρακλέα,
420 1598 488 1666 ἐπεὶ
500 1595 637 1687 θανάτῳ
648 1599 896 1687 ἐζημιώθησαν,
912 1599 999 1670 πολύ
1013 1599 1053 1688 νή

104 1695 165 1764 τδν
183 1703 250 1764 Δία
265 1699 319 1765 καὶ
336 1695 397 1764 τὸν
411 1695 557 1765 Ἀπόλλω
574 1701 710 1765 ἐλαττον
720 1695 1056 1786 ύμύρτημαήμαρτη-

105 1793 199 1872 κότες
208 1795 344 1862 τουτονὶ
354 1801 416 1862 τοῦ
426 1792 620 1881 ἀνθρώπου.
642 1797 762 1864 ἐκείνοι
772 1799 835 1882 μέν
844 1823 883 1882 με
894 1801 928 1885 οί
941 1803 1056 1866 ταλαί-

107 1915 215 1978 πωροι
232 1889 274 1959 ού
294 1890 474 1979 δννύμενοι
490 1899 595 1978 χήρας
611 1890 679 1978 ἅμα
696 1895 751 1960 καὶ
773 1899 890 1961 πενίαν
912 1890 1056 1978 ὑπενεχ-

106 2003 193 2075 κεῑν,
216 1989 256 2058 τὰ
268 1992 403 2076 μέχιστα
420 1998 489 2058 ταῖν
505 1993 541 2058 ἐν
558 1987 753 2076 ἀνθρώποις
768 1997 899 2077 κακοῖν,
922 1989 1057 2068 ταύταις

106 2089 289 2176 ἐχρήσαντο
305 2105 376 2170 ταῖς
393 2106 596 2179 συμφοραῖς,
617 2082 716 2170 οὗτος
732 2089 846 2180 δ’,ούιι
857 2093 985 2162 ἐθέλων
995 2089 1056 2178 τήν

107 2190 228 2258 ἑαυτοῦ
237 2193 417 2278 βδελυρίαν
427 2194 581 2278 κατέχειν.

56 2307 90 2362 89
192 2291 236 2358 Ec
251 2289 313 2375 μὲν
328 2296 444 2358 τοίνυν
459 2283 504 2378 ήν
520 2287 538 2360 ὁ
556 2288 648 2376 ύγύν
658 2288 772 2360 οὑτοσὶ
783 2296 820 2361 ἐν
831 2293 925 2360 πόλει
937 2291 1057 2378 ἐκκλή-
1074 2303 1125 2358 11²

106 2411 172 2474 τῳ,
194 2383 280 2473 ὑμᾶς
296 2381 341 2455 ύν
357 2393 459 2474 ἐμοιγε
474 2385 597 2474 ήξίωσα
617 2387 789 2476 μάρτυράς
809 2415 867 2475 μοι
886 2391 1054 2474 γενέσθαι,

105 2487 189 2568 τούς
199 2487 316 2575 ἄριστα
327 2488 464 2572 εἰδότας,
477 2487 527 2556 ὅτι
537 2487 649 2575 ύληθή
660 2494 760 2573 λέγω·
773 2492 804 2555 εί
815 2485 848 2556 δ’
859 2486 878 2556 ὁ
889 2487 951 2573 μὶν
962 2486 1055 2573 νἰχοέν

105 2592 198 2656 ἐστιν
208 2583 409 2674 Ἀθήνησιν,
433 2590 467 2654 οί
481 2585 515 2654 δ’
527 2585 624 2655 αὐτοὶ
635 2591 790 2655 δικασταί
796 2611 853 2671 μοι
863 2587 918 2653 καὶ
928 2586 1056 2672 μύρτο-

106 2687 162 2771 ρές
172 2687 244 2754 ἐστε
254 2693 323 2754 τῶν
331 2685 453 2772 λύγων,
466 2685 537 2770 ἐμοὶ
548 2680 877 2770 μὲνύναμιμνήσκειν
886 2683 1056 2770 προσήκει,

105 2782 193 2872 ὑμᾶς
204 2787 243 2853 δέ
251 2810 308 2871 μοι
323 2782 367 2872 μή
386 2781 543 2852 ἀπιστεῖν.
567 2783 621 2850 καί
637 2781 769 2867 μύρμαι
786 2784 877 2848 δοκεῖ
895 2786 1057 2867 Τίμαρχος

105 2879 220 2953 οὑτοσὶ
231 2879 292 2970 ούχ
300 2879 383 2969 ὑπὲρ
394 2879 498 2951 αὑτοῦ
509 2879 629 2968 μόνον,
649 2871 678 2947 ω’
686 2877 873 2968 Ἀθηναῖοι,
892 2883 1058 2950 ἐσπουδα-

103 2983 209 3066 κέναι,
221 2977 304 3050 ἆλλᾶ
317 2982 457 3067 καὶπερὶ
468 2975 1058 3062 τῶνᾶλλονττόνταύτδδιαπεπραμ-

59 3099 92 3156 90
105 3078 331 3170 μένωναύτῷ.
354 3084 384 3148 εί
393 3075 491 3166 γὰρὴ
506 3078 568 3165 μὲν
578 3081 696 3165 πρᾶξις
714 3076 797 3164 αύτη
814 3082 922 3160 ἐσται,
945 3073 1057 3160 ὥσπερ

105 3188 208 3248 είοιθε
219 3185 410 3266 χίρνεσθαι,
423 3177 534 3262 λάθρα
544 3179 599 3246 καί
609 3181 647 3246 ἐν
657 3181 774 3266 ἐρημίᾳ
785 3175 840 3242 καὶ
851 3177 890 3242 ἐν
900 3177 997 3252 ίδίαις
1007 3178 1057 3241 οί-

8 3317 9 3320 *
104 3285 203 3366 κίαις,
215 3275 234 3346 ὁ
247 3279 283 3348 δὲ
293 3277 411 3363 ἄριστα
427 3278 489 3363 μὲν
500 3275 611 3364 εἰδούς,
624 3273 845 3361 καταισχύνας
857 3274 895 3342 δέ
903 3298 978 3340 τινα
987 3279 1057 3341 τοδν

105 3384 269 3465 πολιτῶν,
291 3376 351 3448 ἐὰν
367 3375 496 3464 τύληθή
512 3375 725 3464 μαρτυρήσῃ,
746 3379 859 3458 ἔνοχος
880 3375 969 3438 ἐσται
988 3381 1058 3452 τους

8 3531 9 3534 ,
105 3484 273 3566 μεγίστοις
283 3480 467 3556 ἐπιτιμίοις,
480 3473 498 3548 ὁ
511 3477 547 3548 δὲ
557 3476 752 3565 κρινόμενος
762 3495 1057 3562 καταμεμαρτυρη-
