2444 3946
292 911 633 1006 PRAEFATIO
669 912 933 992 ORITIOA.

548 1101 684 1111 ...ω-

223 1233 300 1284 Anno
319 1225 460 1300 superiore
482 1224 552 1281 edidi
564 1223 823 1280 commentationem
839 1226 959 1283 criticam
974 1227 1007 1284 de
1025 1228 1094 1286 isaei

136 1311 309 1370 orationihus
330 1309 524 1385 programmati
538 1307 670 1382 gymnasii
684 1307 876 1365 Vitzthumiani
894 1312 966 1384 quod
979 1311 1093 1371 llresdae

135 1403 182 1454 est
199 1396 341 1457 insertam,
364 1394 391 1450 iu
407 1411 460 1468 qua
476 1411 536 1450 cum
555 1392 727 1466 quaestiones
740 1391 867 1467 quasdam
883 1394 961 1469 attigi
977 1413 1045 1469 quae
1060 1399 1093 1454 ad

134 1480 290 1536 universam
303 1478 473 1553 pertinerent
488 1484 573 1533 artem
586 1475 706 1533 criticam
720 1477 748 1532 in
760 1477 812 1533 hoc
827 1485 937 1535 oratore
950 1488 1024 1536 recte
1038 1481 1093 1538 lac·

134 1563 275 1626 tiendum.
293 1572 349 1618 tum
363 1561 524 1636 pertractavi
543 1559 710 1617 difficiliores
730 1559 835 1634 aliquot
848 1561 925 1618 locos
940 1570 1093 1640 etcorrup·

134 1656 182 1704 tos
208 1647 315 1720 quidem
335 1663 386 1721 pro
406 1645 477 1700 virili
493 1652 570 1720 parte
592 1661 701 1718 operam
723 1643 783 1701 dedi
801 1651 832 1700 ut
855 1661 985 1703 44444444.
1020 1645 1094 1716 044-

133 1733 210 1788 niam
223 1739 312 1786 autem
324 1729 502 1803 scriptionum
514 1727 734 1785 scholasticarum
745 1737 842 1785 natura
856 1729 910 1786 iert
920 1739 948 1787 et
959 1731 1092 1796 condicio.

132 1823 170 1872 ut
183 1815 212 1871 in
228 1831 377 1889 paucorum
392 1831 487 1870 manus
504 1811 625 1876 veniant,
644 1831 676 1869 ea
690 1829 758 1885 quae
773 1812 806 1868 ab
820 1813 898 1870 initio
915 1813 988 1871 illius
1007 1815 1093 1872 libelli

133 1899 284 1974 disputavi,
308 1913 369 1955 cum
388 1896 416 1953 iu
430 1898 490 1970 ipsa
502 1897 568 1952 lsaei
583 1895 701 1953 editione
717 1895 806 1954 locum
819 1897 919 1954 hahere
937 1899 1093 1955 viderentur

133 2001 217 2058 quam
231 1982 345 2040 merisne
356 1981 497 2042 idoneum,
514 1987 638 2054 repetere
651 1980 797 2043 constitui,
815 1981 853 2039 ita
867 1991 969 2045 tamen,
988 1991 1018 2038 ut
1031 2001 1094 2057 par·

132 2067 186 2124 tim
216 2083 342 2140 augerem
369 2072 448 2122 caet
474 2063 679 2140 amplificarem,
708 2064 807 2144 partim
831 2073 963 2123 mutarem
985 2074 1013 2122 et
1033 2085 1094 2123 cor·

131 2167 261 2226 rigerem.

540 2261 691 2272 ...ι-Ἀ...-

221 2385 320 2443 Causae
341 2387 519 2443 hereditariae
539 2403 599 2441 cum
621 2393 717 2442 natura
739 2403 789 2442 sua
810 2403 891 2460 saepe
912 2394 966 2443 tam
980 2387 1098 2462 conpli-

132 2478 213 2528 catae
229 2470 283 2527 sint
297 2479 327 2528 et
342 2470 500 2532 intricatae,
520 2477 551 2525 ut
566 2481 615 2526 eas
631 2469 754 2526 evolvere
769 2477 797 2526 et
810 2471 935 2544 expedire
950 2472 1092 2530 admodum

131 2553 244 2612 difficile
258 2571 318 2612 esse
333 2553 468 2617 videatur,
482 2553 580 2609 mirum
598 2570 654 2610 uon
669 2561 711 2610 cst
726 2553 798 2627 quod
817 2554 845 2609 in
861 2554 929 2612 lsaei
945 2557 1090 2618 orationes.

130 2657 149 2696 e
164 2638 263 2712 quibus
277 2638 422 2713 pleraeque
437 2653 537 2700 omnes,
554 2653 622 2710 quae
635 2638 741 2711 quidem
752 2638 873 2710 integrae
880 2633 909 2710 *)
925 2639 957 2694 ad
971 2647 1102 2696 nostram·

202 2799 230 2866 *J
253 2804 360 2853 Orationi
383 2803 521 2852 undecimae
543 2817 602 2865 quae
624 2808 660 2850 est
681 2783 710 2852 de
731 2803 837 2863 llagniae
857 2799 987 2851 hereditate
1004 2804 1093 2867 aliquid

134 2871 219 2920 deesse
237 2879 260 2920 44
277 2887 304 2922 er
322 2887 349 2920 eo
368 2877 463 2934 apparet
480 2869 552 2933 quod
572 2884 625 2918 cum
641 2869 776 2933 promiserit
787 2877 853 2919 actor
864 2883 891 2918 se
901 2869 932 2918 da
943 2871 1093 2920 facultatibus

133 2953 195 3001 qnae
214 2939 242 2988 ah
261 2938 403 2988 adversariis
421 2938 525 2986 celentur
536 2937 647 3014 deinceps
659 2937 774 2987 dicturum
793 2933 821 3000 (S
838 2943 871 2986 44.
889 2925 956 2986 αλλ’
973 2950 1093 3015 uqeepoy

133 2999 202 3068 περὶ
219 3001 275 3053 τῶν
288 2993 603 3068 nopuulerccope'voav
588 2997 646 3052 υπὸ
662 2995 769 3054 τούτων
792 2995 946 3070 ποιήσομαι
963 2997 1029 3062 τούς
1046 2996 1093 3054 λό-

133 3070 229 3136 γους),
253 3073 313 3122 nihil
331 3073 400 3120 4414
394 3087 419 3120 ru
436 3072 491 3152 ipsa⁸
511 3072 617 3120 oratione
634 3079 840 3121 commemoratum
857 3072 972 3134 reperitur
990 3079 1012 3120 et
1029 3071 1093 3134 quod

134 3140 213 3189 omnis
230 3131 374 3188 desideratur
392 3139 516 3202 peroratio.
552 3139 627 3196 Quare
644 3137 707 3202 quod
729 3140 867 3189 auctoritate
884 3138 992 3188 codicum
1010 3153 1093 3202 quam·

134 3206 172 3256 vis
194 3207 335 3270 optimorum
356 3207 393 3256 ΑΒ
415 3207 487 3254 iratus
510 3207 621 3268 omiserat
641 3207 707 3255 lmm.
726 3207 845 3256 Bellerns
866 3212 967 3257 extrema
985 3207 1092 3256 oratioue

134 3273 316 3324 additamentum
336 3269 487 3329 ΛΕΙΠΕΙ,
510 3274 670 3322 detruncatam
692 3273 750 3323 illud
773 3273 866 3336 quidem
888 3273 1014 3334 designans
1037 3288 1091 3322 ora·

134 3340 235 3397 tionem,
258 3348 322 3390 44444
340 3348 405 3388 4444
422 3341 512 3389 criticis
530 3340 697 3390 Turiccnsibus
718 3347 860 3390 reuocatum.
895 3339 958 3397 Quae
969 3346 1045 3388 autem
1064 3354 1092 3390 ex

134 3414 202 3470 parte
223 3415 312 3456 tantum
334 3413 425 3456 servata
448 3414 483 3456 est
500 3423 513 3455 4
530 3408 642 3470 Dionysio
664 3407 715 3457 llal.
741 3407 782 3469 (de
804 3407 936 3457 oratoribus
959 3413 1002 3455 ret.
1023 3407 1046 3455 V.
1065 3423 1090 3472 p.

134 3481 174 3523 448
194 3489 247 3539 sqq.
272 3482 296 3523 et
317 3481 376 3525 orat.
401 3475 484 3526 Graec.
507 3475 553 3524 vll.
572 3491 595 3538 p.
614 3483 651 3524 ³51
669 3488 720 3538 sqq.
738 3472 828 3534 1441414.)
847 3475 921 3524 oratio
939 3473 1092 3522 duodecimae

136 3543 232 3591 nomine
249 3542 447 3602 hodieiusiguita
466 3549 488 3590 et
506 3544 589 3590 ceteris
607 3543 696 3591 adiecta
714 3541 859 3591 orationihus
876 3541 980 3600 integris,
999 3555 1091 3590 aaaron

136 3609 237 3671 pertinet
248 3609 278 3657 ad
289 3611 342 3658 lites
354 3609 520 3665 hereditarias,
538 3611 581 3658 sed
594 3610 624 3658 ad
636 3623 730 3658 causam
743 3608 862 3672 Euphileti
879 3609 905 3656 in
918 3603 1091 3672 διαψηφίσει

139 3689 151 3723 4
169 3677 268 3739 paganis
285 3677 362 3726 414441.
