2510 3948
359 232 489 290 ΚΑΤΑ
510 229 888 293 ΚΤΗΣΙΦΩΝΤΟΣ.
1032 234 1093 300 183

138 391 347 479 συμβάντων
363 397 492 460 ἔσωσαν
510 390 572 478 τὴν
589 391 688 460 πόλιν
705 392 742 460 τὸ
762 393 940 460 κάλλιστον
957 393 994 459 ἐκ
1015 417 1093 460 παι-

137 495 232 568 θείας
243 492 332 576 ῥῆμα
343 487 583 575 φθεγξάμενοι,
594 489 638 575 μὴ
649 505 880 575 μνησικακεῖν·
892 491 937 559 σύ
948 491 985 560 δὲ
996 493 1092 560 ἕλκο-

28 637 31 674 ,
138 601 262 670 ποιεῖς,
285 588 340 654 καὶ
356 586 484 672 μάλλόν
496 608 548 655 σοι
564 590 655 673 μέλει
664 595 733 654 τῶν
744 586 938 674 αὐθημερόν
948 584 1092 676 λόγωνῆ

27 685 30 736 ⁵
136 694 199 772 τῆς
209 693 370 772 σωτηρίας
379 693 437 773 τῆς
447 686 605 764 πόλεως.“
617 684 698 752 όταν
709 685 742 753 δ’
753 689 904 770 ἐπίορκος
916 683 964 754 όν
975 694 1020 766 είς
1029 686 1091 773 την
1109 694 1162 750 60⁰

139 783 197 854 διά
209 793 278 854 τόν
288 783 400 869 ὅρκων
416 791 525 852 πίστιν
535 784 793 873 καταφυγγάνῃ,
816 789 922 854 ἐκεῖνο
940 783 1091 872 ἀπομνη-

137 885 323 970 μονεύσατε
339 883 448 973 αύτῷ,
472 882 523 952 ὅτι
543 891 588 972 τῷ
610 883 766 961 πολλάκις
787 883 848 969 μὲν
868 886 1089 970 ἐπιορκοῦντι,

138 981 191 1051 ἀεὶ
202 984 238 1052 δὲ
248 981 326 1069 μεθ’
340 980 451 1069 ὅρκων
462 979 608 1062 ἀξιοῦντι
618 983 833 1050 πιστεύεσθαι
842 988 937 1050 δυοῖν
945 981 1091 1069 θάτερον

139 1079 284 1167 ὑπάρξαι
295 1085 360 1166 δελ,
379 1072 428 1149 όν
439 1077 617 1164 ούῦέτερόν
627 1082 695 1148 ἐστι
705 1085 918 1167 Δημοσθένει
927 1078 1088 1166 ῦπάρχον,

140 1175 163 1266 ἢ
179 1177 259 1258 τοῦς
275 1179 379 1258 θεοὺς
395 1177 531 1257 καινούς
551 1173 574 1266 ἢ
593 1177 672 1258 τοῦς
689 1177 857 1268 ἀκροατάς
872 1179 916 1266 μη
931 1180 1010 1260 τοῦς
1029 1177 1092 1247 αύ-
1107 1193 1155 1250 601

49 1303 121 1357 209
138 1279 225 1357 τούς.
246 1281 320 1366 περὶ
338 1278 373 1346 δέ
389 1285 457 1346 τῶν
469 1278 628 1365 δακρύων
643 1279 699 1347 καὶ
713 1286 776 1346 τοῦ
785 1279 953 1366 τόνοντης
964 1286 1088 1364 φωνῆς,

139 1374 223 1444 ὅταν
232 1372 316 1463 ὑμᾶς
328 1379 475 1466 ἐπερωτᾷ
484 1390 567 1464 „not
575 1376 684 1463 φύγω,
697 1376 816 1462 ἀνδρες
825 1374 1010 1464 Ἀθηναῖοις
1030 1398 1090 1443 πε·

139 1476 324 1562 ριγράψατέ
338 1500 379 1562 με
395 1478 431 1543 εἰι
448 1483 505 1562 της
515 1485 694 1556 πολιτείας·
717 1475 779 1545 ούκ
797 1483 886 1546 ἐστιν
903 1475 981 1545 ὅποι
1004 1475 1083 1544 ἀνα·
1135 1546 1139 1552 ,

137 1573 343 1660 πτησομαι,“
356 1570 628 1658 ἀνθυποβάλλετε
641 1573 733 1666 αύτῷ
741 1574 783 1663 ,,ὁ
796 1577 832 1645 ἀὲ
842 1574 972 1668 ῦῆμοςὸ
987 1573 1090 1661 Ἀθη-

136 1679 244 1739 ναίων
259 1685 319 1738 ποί
330 1671 521 1758 καταφύγῃ,
543 1673 776 1757 Δημόσθενεςς
798 1671 881 1757 πρὸς
891 1679 990 1742 ποίαν
1003 1694 1089 1760 συμ-

136 1771 254 1855 μάχων
270 1769 500 1854 παρασκευηνς
525 1767 608 1852 πρός
625 1771 878 1857 ποῑαχρήματας
898 1778 932 1839 τί
939 1779 1089 1860 προβαλ-

136 1870 279 1951 λόμενος
300 1863 384 1950 ὑπὲρ
406 1873 466 1934 τοῦ
490 1867 598 1953 δήμου
619 1875 866 1949 πεπολίτευσαι;
900 1867 1004 1956 ἀμέν
1022 1870 1087 1955 γάρ

137 1963 223 2047 ῦπὲρ
236 1971 379 2030 σεαυτοῦ
389 1965 623 2051 βεβούλευσαι,
640 1965 783 2045 άπαντες
793 1963 933 2051 ὁρῶμεν.
946 1965 1089 2034 ἐκλιπόν
1103 1976 1153 2034 6οθ

136 2061 198 2150 μὲν
208 2059 245 2129 τό
258 2060 343 2129 ἀστυ
353 2060 415 2131 ούκ
427 2069 536 2149 οἰκεῖς,
550 2063 593 2144 ὡς
603 2068 721 2148 δοκεῖς,
734 2067 770 2132 ἐν
779 2070 937 2149 Πειραιεῖ,
949 2061 1022 2132 ἀλλ’
1036 2066 1088 2144 ἐξ·

138 2175 250 2247 ορμείς
261 2163 297 2229 ἐκ
309 2169 367 2249 τῆς
376 2163 521 2246 πόλεως,
543 2163 661 2250 ἐφόδια
673 2165 710 2231 ῦέ
720 2163 899 2250 πεπόρισαι
908 2171 950 2252 τῇ
959 2171 1086 2231 σαυτοῦ

137 2259 299 2351 ἀνανδρίᾳ
318 2259 354 2330 τό
375 2262 549 2351 βασιλικὸν
559 2269 696 2351 χρυσίον
707 2264 762 2330 καὶ
772 2260 813 2331 τά
825 2262 965 2350 δημόσια
977 2266 1086 2346 δωρο-

62 2379 119 2431 210
136 2359 339 2446 δοκήματα.“
360 2360 446 2441 ὅλως
457 2362 493 2431 δὲ
503 2369 538 2434 τί
545 2361 584 2430 τά
602 2363 749 2446 ῦάκρυας
770 2360 854 2446 τίςὴ
873 2361 1016 2446 κραυγῆς
1037 2367 1088 2439 τίς

136 2457 153 2526 ό
166 2458 264 2538 τόνος
273 2467 331 2545 τῆς
342 2466 472 2545 φωνῆς;
483 2457 573 2544 ούχὸ
586 2460 717 2545 μὲντην
725 2459 861 2545 γραφὴν
871 2458 1008 2542 φεύγων
1019 2461 1086 2526 ἐστὶ

134 2563 335 2642 Κτησιφῶν,
359 2552 377 2622 ὁ
398 2553 427 2622 δ’
444 2552 537 2639 άγῦν
555 2554 616 2622 οῦκ
628 2554 798 2641 ἀτίμητος,
822 2551 865 2621 σῦ
877 2552 907 2620 δ’
923 2552 1000 2623 οῦτε
1011 2557 1087 2641 περὶ
1101 2569 1153 2625 605
1236 2633 1237 2644 ,

134 2661 192 2739 τῆς
208 2653 323 2732 ούσίας
340 2652 419 2720 οῦτε
433 2654 509 2740 περὶ
524 2661 585 2721 τοῦ
602 2654 753 2739 σώματος
764 2652 842 2721 οῦτε
854 2657 928 2738 περὶ
944 2661 1001 2740 τῆς
1013 2655 1085 2722 ἐπι-

134 2761 242 2839 τιμίας
251 2751 415 2838 ἀγωνίζεη
425 2749 509 2820 ἀλλά
521 2752 597 2838 περὶ
605 2759 695 2830 τίνος
703 2754 794 2820 ἐστὶν
804 2750 894 2841 αύτῷ
905 2750 926 2840 ἡ
937 2751 1083 2839 σπουδάς

135 2853 209 2936 περὶ
225 2859 360 2938 χρυσοῦν
376 2850 553 2936 στεφάνων
572 2852 628 2917 καί
649 2850 869 2937 κηρυγμάτων
885 2856 923 2922 ἐν
938 2859 984 2942 τῷ
1001 2853 1085 2920 θεά-

64 2961 115 3016 211
134 2974 201 3038 τρφ
213 2945 302 3032 παρά
314 2948 392 3028 τούς
403 2948 542 3035 νόμους·
565 2944 607 3016 όν
622 2950 736 3036 ἐχρῆν,
760 2952 853 3019 είκαὶ
864 2947 1007 3038 μανελςὸ
1023 2951 1084 3035 δη-

133 3074 194 3133 μος
210 3043 232 3133 ἢ
248 3057 316 3115 τῶν
333 3049 590 3136 καθεστηκότων
607 3051 858 3134 ἐπιλελησμένος
869 3049 921 3114 ἐπὶ
931 3046 1084 3132 τοιαύτης

133 3145 284 3231 ἀκαιρίας
295 3147 451 3234 ἐβούλετο
463 3155 654 3233 στεφανοῦν
669 3143 791 3230 αὐτόν,
812 3141 1025 3227 παρελθόντα
1036 3151 1083 3222 είς

131 3240 195 3330 τὴν
214 3247 391 3331 ἐκκλησίαν
413 3251 530 3313 είπείν·
563 3245 713 3330 ,ἄνδρες
730 3241 916 3328 Ἀθηναῖοι,
939 3240 1083 3328 τὸνμὲν

131 3346 298 3428 στέφανον
311 3346 459 3429 δέχομαι,
481 3341 544 3412 τόν
560 3343 595 3411 βε
606 3340 726 3428 καιρόν
735 3338 983 3426 ἀποδοκιμάζω,
1007 3331 1083 3428 ἐνςό

129 3468 167 3510 το
183 3444 336 3531 κήρυγμα
346 3450 508 3528 γίγνεται·
521 3442 563 3511 οῦ
573 3441 637 3528 γάρ
649 3447 708 3527 θεῖ,
721 3437 775 3525 ἐφ’
788 3436 838 3519 οἷς
848 3437 869 3527 ἡ
881 3438 976 3519 πόλις
986 3442 1084 3509 ἐπέν-
