2442 3948
93 281 120 330 p
140 261 185 314 00.
238 263 328 313 ΠΕΡΙ
345 261 421 313 ΤΟΤ
439 261 738 316 ΦΙΛΟΚΤΗΜΟΝΟΣ
756 263 920 317 ΚΔΗΡΟΤ.
1018 269 1058 332 79

93 433 187 534 ἄλλω
204 435 272 503 τινί
290 431 418 526 τρόπω,
446 463 500 504 και
489 435 555 502 ἐκ
572 431 700 504 τούτων
718 441 844 504 ἔσοιντο
863 443 909 506 ἔτι
927 443 1057 526 μειζους

94 541 275 624 διαφοραί,
294 539 448 623 ἔπειθον,
477 561 502 603 ω
490 524 657 624 ανορες,
680 531 739 605 τον
757 535 987 625 Φιλοκτήμονα
1006 541 1056 608 έᾶ·

91 657 150 705 σαι
179 641 369 722 εἰσαγαγεῖν
393 637 513 706 τοῦτον
538 633 596 705 τόν
621 639 769 705 ταῖᾶαέ
769 664 794 726 φ
753 631 929 716 έ’ςέοἰ
913 634 1055 725 ἐζήτειὸ

93 732 300 824 Εὐκτήμων,
320 744 442 824 χωρίον
460 739 498 805 ἓν
517 733 627 806 οόντα.
664 731 753 806 καί’
736 765 755 805 ο
773 735 991 827 Φιλοκτήμων
1009 747 1057 809 αἰ·
1074 761 1109 812 24

90 834 297 926 σχυνόμενος
314 836 376 925 μὲν
394 837 447 906 έττὶ
464 839 508 926 τῇ
523 839 585 906 τοῦ
596 834 718 926 πατρὸς
737 833 850 929 ἄνοία,
869 835 1004 928 ἀπορεῖν
1023 837 1056 908 0’

90 935 111 1007 0
128 966 161 1006 τι
178 934 337 1028 χρήσαιτο
363 940 411 1030 τῷ
427 936 566 1028 παρόντι
584 941 691 1031 κακῷ,
719 934 783 1007 οοκ
808 935 984 1027 ἀντέλεγεν
1001 937 1057 1010 οο·

92 1040 162 1108 δέν.
213 1032 489 1126 ὁμολογηθέντων
522 1038 560 1108 00
584 1037 728 1126 τούτων,
762 1041 818 1108 καὶ
846 1043 1057 1131 εἰσαχθέντος

91 1141 156 1207 τοῦ
177 1135 297 1218 παιοος
323 1139 377 1207 έτί
402 1137 547 1227 τούτοις,
574 1135 746 1227 ἀπηλλάγη
771 1143 830 1227 τής
854 1139 1012 1228 γυναικός
1038 1138 1058 1213 0

91 1234 298 1328 Εὐκτήμων,
317 1240 373 1308 καί
391 1235 615 1323 έιτεοείξατο”
595 1267 645 1309 οτι
662 1269 703 1309 ον
695 1236 888 1362 ἀαίορον”
869 1268 966 1310 ενεκα
984 1241 1057 1365 έγρί-

89 1367 164 1428 μει,
193 1335 310 1408 ολλ’“
295 1368 351 1409 ινα
367 1343 488 1410 τούτου
515 1339 691 1428 εἰσαγαγοι.
728 1337 817 1410 τί
778 1369 841 1463 γαρ
868 1347 937 1410 ἔδει
955 1339 1058 1413 αύτόν
1074 1349 1108 1402 ²5

88 1455 232 1529 γαμεῖν,
259 1467 284 1508 ω
273 1429 530 1564 Ἀνδρόκλεις,
557 1451 672 1530 εἰπερ
695 1431 878 1530 οἵοεησαν
902 1445 934 1526 ἐξ
953 1439 1059 1565 αύτρύ

88 1543 149 1610 καὶ
176 1537 336 1628 γυναικὸς
361 1537 478 1630 ἆστής,
506 1537 550 1622 ὥς
568 1539 612 1612 σο
627 1541 900 1664 μεμαρτύρηκας,
926 1550 977 1624 τίς
993 1540 1057 1635 γὰρ

88 1671 136 1711 αν
153 1639 356 1728 γνησίους”
338 1669 434 1723 οντας
460 1637 529 1722 οἰός
555 1670 591 1711 τε
617 1633 661 1730 ήν
678 1645 826 1713 κωλῦσαι
851 1651 1056 1733 εἰσαγαγεῖν,

88 1771 111 1829 η
133 1739 191 1810 οια
216 1749 251 1810 τί
275 1743 329 1811 έκί
355 1747 464 1833 ῥητοῖς
483 1739 585 1813 αοτον
610 1742 778 1832 εἰσήγαγε,
805 1747 866 1814 τοῦ
881 1744 988 1834 νόμον
1004 1773 1056 1815 κε·

89 1839 284 1922 λευοντος”
260 1869 408 1924 απαντας
425 1840 502 1923 τούς
519 1850 676 1930 γνησίους
690 1845 924 1933 ἰσομοίρους
893 1872 978 1914 ειναι
990 1873 1057 1915 των

90 1941 275 2036 πατρῴωνς
301 1937 322 2029 ή
350 1942 404 2013 οι0
421 1952 457 2014 τί
475 1939 534 2014 τόν
557 1944 619 2034 μέν
642 1942 869 2034 πρεσβύτερον
891 1961 963 2014 τοῖν
981 1951 1056 2015 καί·
1073 1955 1108 2008 20

92 2050 170 2113 οοιν
197 2045 250 2112 ἐπὶ
269 2047 379 2133 ῥητοῖς
393 2041 577 2134 εἰσήγαγε,
604 2048 666 2114 τού
684 2045 721 2113 00
739 2047 904 2134 νεωτέρου
921 2042 986 2133 ήδη
1003 2073 1056 2134 γε·

90 2142 228 2232 γονότος
252 2141 342 2214 οοοὲι
356 2144 455 2233 λόγον
478 2148 617 2216 ἐποιεῖτο
641 2149 760 2230 ζοῐντος
783 2145 788 2233 Ι
811 2145 1056 2236 Φιλοκτήμονος

90 2242 171 2314 ούτε
188 2242 271 2333 πρός
297 2242 398 2316 αὐτὸν
425 2250 553 2317 ἐκεῖνον
583 2243 661 2317 οὔτε
687 2244 768 2338 πρὸς
793 2243 871 2328 τοος
896 2254 1054 2334 οἰκείονς;
1161 2245 1163 2252 ’

92 2342 152 2426 οος
170 2343 213 2414 σο
230 2347 298 2415 νύν
317 2345 500 2438 οιαρρήοην
517 2346 780 2470 μεμαρτύρηκας
794 2354 952 2436 γνησίους
971 2349 1057 2418 εἶναι

92 2449 150 2516 καί
168 2443 394 2537 κληρονόμους
411 2477 478 2519 των
494 2444 716 2537 Εύκτήμονος.
751 2441 932 2518 Ταύταί
877 2456 932 2518 τοί
929 2477 994 2519 νυν
1013 2443 1056 2528 ὥς

92 2543 208 2635 ἀληθῆ
226 2549 328 2661 λέγω,
346 2541 576 2638 ιἰναγίγνωσκε
593 2545 651 2628 τὰς
669 2555 871 2638 μαρτυρίας..

469 2711 681 2764 ΜΑΡΤΤΡΙΑΙ.
754 2700 767 2718 '
783 2700 785 2708 ’

169 2848 268 2922 Μετὰ
292 2855 399 2923 ταῦτα
424 2858 541 2923 τοίνυν
567 2846 585 2922 6
613 2847 831 2939 Φιλοκτήμων
848 2853 1056 2943 τριηραρχεῖν
1073 2868 1106 2918 27

93 2955 171 3043 περὶ
190 2957 275 3023 Χίον
291 2949 496 3041 ἀποθνήσκει
522 2947 588 3024 000
604 2955 675 3044 τοῖν
690 2959 871 3042 πολεμίων·
899 2949 917 3022 6
937 2949 970 3021 0’
988 2950 1055 3024 Εύ·

94 3053 229 3143 κτήμων
246 3049 387 3144 ὕστερον
403 3053 512 3148 χρόνῳ
522 3050 604 3145 πρὸς
621 3052 699 3134 τοος
716 3050 876 3141 κηδεστὰς
895 3054 987 3124 εἶπεν
1005 3050 1055 3125 ὅτι

94 3154 249 3243 βούλοιτο
275 3152 315 3224 τοὶ
340 3153 421 3245 τιρός
446 3152 504 3226 τον
529 3153 605 3227 ιἰίόν
630 3160 665 3225 οἰ
688 3157 901 3245 πεπραγμένα
926 3152 1055 3244 γράψας

94 3258 311 3326 καταθέσθαι.
348 3259 403 3326 καὶ
420 3251 438 3325 ὁ
455 3257 517 3345 μέν
535 3253 765 3344 Φανόστρατος
792 3258 924 3325 ἐκπλεῖν
942 3261 1056 3342 ἔμελλε

94 3357 302 3448 τριηραρχῶν
328 3353 409 3446 μετὰ
431 3358 611 3446 Τιμοθέου,
639 3358 694 3426 καί
712 3351 733 3443 ή
750 3357 833 3434 ναῦς
851 3350 942 3446 αὐτῷ
959 3353 1055 3447 ἐξεύρ-

94 3485 148 3547 μει
160 3463 387 3546 Μουνυχίασι,
406 3460 461 3528 καὶ
479 3453 496 3526 0
515 3455 675 3545 κηοεστής
686 3457 828 3545 Χαιρέας
842 3452 958 3544 παρών
975 3477 1055 3525 συν·

94 3560 296 3646 ατιέστελλεν
314 3555 431 3630 αὐτόν·
450 3552 468 3628 0
488 3555 521 3628 0’
539 3552 726 3647 Εὐκτήμων
743 3553 946 3647 παραλαβών
963 3582 1055 3636 τινας
