2510 3948
380 189 508 292 xm
529 235 902 296 κτειειοαιιυοε.
1047 236 1106 300 151

516 399 747 462 ΨΗΦΙΣΜΑ.
1097 449 1100 456 .
1164 466 1166 470 ,

242 488 346 558 Τοῦτ’
359 492 426 558 ἐστὶ
437 490 474 559 τό
484 492 651 578 ψήφισμα,
666 485 880 581 ώἏθηναῖοι,
894 497 1033 584 αἰσχύνη
1046 503 1108 586 μὲν

153 596 213 674 τῆς
231 589 375 674 πόλεως,
396 596 527 676 ἔλεγχος
543 590 579 660 δὲ
597 590 638 658 ού
655 590 771 677 μικρός
788 599 1107 679 τώνΔημοσθένους

154 687 420 773 πολιτευμάτων,
444 687 574 774 φανεροὶ
592 689 628 757 δὲ
645 698 825 776 κατηγορία
834 698 896 757 τοῦ
906 697 1107 777 Κτησιφῶν-

152 810 224 865 τος·
247 785 307 854 τόν
325 785 389 874 χάρ
403 785 510 866 οὕτως
526 793 667 874 αἰσχρῶς
678 792 932 871 δωροδοκοῦντα
943 786 1006 856 οὐκ
1018 793 1106 856 ἔστιν

153 885 606 974 ἀνδραχεχονίυαιάγαθδν,
629 886 861 975 ἀτετόλμηιιεν
872 881 970 968 οὗτος
979 888 1105 975 γράψαι

152 984 245 1070 ἐντῷ
257 991 451 1072 ψηφίσματι.
1019 1051 1021 1060 τ

80 1098 134 1153 106
235 1079 393 1150 Ἐνταῦθ
411 1081 475 1170 ήδη
492 1087 641 1151 τέτακται
657 1086 711 1152 καὶ
728 1082 746 1152 ὁ
763 1091 872 1170 τρίτος
887 1094 955 1154 τών
965 1093 1102 1173 καιρών,

153 1190 280 1269 μᾶλλον
291 1182 323 1251 δ’
342 1182 509 1253 ὁπάντων
525 1185 720 1272 πικρότατος
735 1185 871 1274 χρόνος,
895 1179 971 1277 ἐυςό
987 1195 1103 1273 Δημο-

154 1281 276 1366 σθένης
297 1277 447 1349 ἀπώλεσε
467 1279 525 1361 τάς
546 1291 615 1351 τών
631 1280 797 1368 Ἑλλήνων
821 1286 875 1351 καὶ
896 1290 953 1369 τῆς
976 1283 1102 1361 πόλεως

154 1377 286 1464 πράξεις
296 1375 459 1465 ἀσεβήσας
469 1379 530 1466 μδν
541 1386 587 1459 είς
598 1379 634 1448 τό
647 1382 739 1465 ίερόν
750 1380 787 1448 τό
799 1385 835 1450 ἐν
845 1389 1010 1466 Δελφοῖς,
1029 1380 1103 1451 ἀδι-

154 1499 216 1543 κον
232 1478 269 1543 δὲ
284 1475 615 1563 καὶμούδαμώςίσην
637 1477 698 1564 τήν
722 1478 805 1562 πρός
828 1486 994 1567 Θηβαίους
1016 1502 1101 1564 συμ-

153 1585 273 1663 μαχίαν
294 1577 432 1664 γράψας.
455 1577 595 1663 ἀρξομαι
611 1583 647 1645 δὲ
664 1577 728 1647 ἀπό
747 1589 816 1648 τών
836 1587 883 1660 είς
901 1578 980 1659 τοὺς
999 1578 1104 1659 θεούς
1119 1587 1172 1644 498

109 1696 111 1698 ·
151 1673 259 1742 αύτού
270 1675 556 1761 πλημμελημάτων
567 1679 683 1760 λέγειν.

77 1792 131 1848 107
227 1773 319 1840 ’Ἐστι
329 1772 410 1858 γὰρ,
423 1765 450 1840 ώ
461 1771 581 1855 ἄνδρες
592 1772 773 1861 Ἀθηναῖοι,
790 1776 826 1843 τό
839 1785 1003 1861 Κιρραῖον
1016 1776 1103 1845 ώνυ-

152 1875 324 1960 μασμένον
340 1877 455 1940 πεδίον
472 1873 528 1940 καί
544 1871 644 1960 λιμήν
661 1871 679 1941 ὁ
697 1882 763 1942 νύν
778 1874 944 1959 ἐξάγιστος
955 1879 1010 1942 καὶ
1021 1876 1104 1942 ἐπά-

152 1996 252 2056 ρατος
264 1967 505 2056 ώνομασμένος.
528 1971 653 2056 ταύτην
663 1969 741 2043 τιοτδ
756 1967 818 2054 τὴν
828 1969 940 2055 χώραν
951 1973 1104 2062 κατώκη-

152 2089 216 2136 σαν
226 2075 381 2151 Κιρραῖοι
391 2069 446 2135 καὶ
454 2063 721 2154 Ἀκραχαλλίδαι,
733 2071 813 2154 μόνη
825 2069 1100 2156 παρανομώτατα,

153 2173 186 2235 οἳ
194 2171 240 2244 είς
255 2163 292 2232 τό
311 2162 403 2251 ίερὸν
421 2161 457 2231 τό
477 2168 676 2250 ε’νΔελφοῖς
692 2163 797 2234 καδτά
811 2166 1010 2254 ἀναθήματα
1021 2165 1100 2254 ήσέ-
1117 2176 1169 2234 499

151 2272 246 2351 βουν,
258 2263 484 2350 ἐξημάρτανον
501 2262 538 2331 δὲ
547 2265 603 2332 καί
614 2271 660 2343 είς
668 2263 747 2343 τούς
756 2261 1004 2350 Ἀμφικτύονας.
1016 2262 1100 2348 ἀγα·

151 2364 373 2450 νακτήσαντες
391 2359 423 2430 δ’
442 2363 572 2441 ἐπὶτοῖς
589 2369 780 2449 γενομένοις
797 2364 937 2448 μάλιστα
954 2363 1031 2446 μὲν,
1056 2358 1100 2438 ώς

151 2463 287 2548 λέγεται,
300 2465 334 2529 οί
340 2459 501 2544 πρόγονοι
510 2463 544 2527 οί
553 2458 715 2545 ὑμέτεροι,
726 2465 836 2528 ἔπειτα
848 2461 884 2526 δὲ
895 2460 950 2527 καὶ
961 2462 995 2526 οί
1005 2457 1100 2525 ἀλλοι

146 2558 384 2646 Ἀμφικτύονες
401 2564 559 2643 μαντείαν
576 2557 818 2642 ἐμαντεύσαντο
836 2554 925 2641 παρὰ
947 2560 994 2644 τῷ
1017 2564 1098 2646 θεῷ,

20 2657 28 2666 ’
149 2665 216 2726 τίνι
230 2654 291 2743 χρή
306 2662 446 2744 τιμωρίη
457 2652 537 2734 τούς
552 2653 756 2738 ἀνθρώπους
767 2654 906 2732 τούτους
916 2663 1098 2740 μετελθεῖν.

80 2769 132 2825 108
150 2755 205 2822 καὶ
223 2751 335 2832 αὐτοῖς
351 2751 515 2840 ἀναιρεῖή
538 2758 655 2820 Πυθία
678 2760 832 2837 πολεμεῖν
851 2758 1022 2839 Κιρραίοις
1045 2755 1101 2820 καὶ

147 2852 414 2939 Ἀκραγαλλίδαις
420 2848 518 2919 πάντ’
529 2847 639 2936 ήματα
649 2852 704 2918 καὶ
715 2849 960 2935 πάσαςνύκτας,
972 2853 1028 2918 καδ
1038 2847 1101 2937 τήν

149 2950 262 3038 χώραν
278 2949 391 3018 αὐτῶν
406 2951 680 3036 ἐκπορθήσαντας
696 2950 752 3018 καὶ
763 2946 885 3028 αύτούς
896 2947 1102 3031 ἀνδραποδι·

150 3051 316 3134 σαμένους
332 3045 509 3114 ἀναθεῖναι
525 3054 572 3134 τῷ
580 3044 763 3114 Ἀπόλλωνι
773 3054 821 3130 τῷ
831 3052 950 3131 Πυθίῳ
961 3045 1017 3111 καὶ
1025 3040 1101 3128 Ἀρ-

149 3147 254 3231 τέμιδι
263 3145 320 3212 καὶ
328 3150 435 3229 Λητοῖ
447 3147 502 3211 καὶ
510 3142 636 3234 Ἀθηνᾷ
646 3150 797 3231 Προνοίᾳ
807 3145 860 3210 ἐπὶ
870 3139 961 3230 πόση
973 3139 1100 3230 ἀεργίᾳ,

148 3246 203 3312 καὶ
220 3244 346 3330 ταύτην
362 3242 423 3329 τήν
440 3242 554 3329 χώραν
572 3241 649 3328 μήτ’
669 3241 791 3318 αὐτοὺς
808 3240 1005 3323 ἐργάζεσθαι
1022 3239 1101 3324 μήτ’

148 3341 252 3412 ἀλλον
268 3346 336 3410 ίοῖν.
364 3336 522 3428 λαβόντες
542 3344 578 3408 δὲ
589 3335 809 3424 τὸνχρησμόν
820 3338 854 3404 οί
865 3333 1103 3423 Ἀμφικτύονες

148 3445 352 3528 ἐψηφίσαπο
364 3437 522 3516 Σόλωνος
533 3437 683 3512 εἰπόντος
692 3431 872 3520 Ἀθηναίου
883 3431 944 3518 τήν
951 3433 1101 3520 γνώμην,
