2510 3948
186 273 247 338 158
538 271 793 330 ΑΙΣΧΙΝΟΤ

185 435 244 514 τὰς
254 435 388 522 γνώμας
399 436 654 517 ἐπιψηφίζοντα,
675 427 739 498 οὐκ
758 433 1003 518 ἐπιδημοῦντος
1013 435 1049 500 ἐν
1060 439 1142 500 Μα-
1242 408 1243 411 ¹

187 537 322 619 κεδονίμ
334 538 520 614 Φιλίππου,
542 525 610 596 ἀλλ’
625 525 701 596 οὐδ’
714 531 750 596 ἐν
767 537 809 616 νή
821 526 954 600 Ἑλλάδι
964 531 1141 615 παρόντος,

186 630 254 701 ἀλλ’
275 635 313 701 έν
328 631 485 710 Σκύθαις
505 628 595 699 οὕτω
615 625 748 716 μακράν
770 626 931 708 ἀπόντος·
961 627 1003 698 δν
1025 629 1142 698 αὐτίκα

185 731 274 818 μάλα
291 729 448 817 τολμήσει
471 732 580 812 λέγειν
596 731 821 814 Δημοσθένης
843 726 887 808 ὡς
909 731 975 814 ἐγώ
994 733 1049 798 ἐπὶ
1065 729 1142 808 τούς

178 827 339 918 Ἕλληνας
349 828 526 918 ἐπήγαγον.
558 832 613 895 καὶ
624 826 851 912 παρελθόντες
862 835 902 915 τῇ
914 828 1033 914 πρώτη
1045 851 1145 911 στρα-
1158 845 1196 900 129

186 938 256 1018 τείμ
273 930 329 997 καί
345 926 433 1014 μάλα
449 933 587 1012 μετρίως
603 924 785 1013 ἐχρήσαντο
801 940 869 1004 τοῖς
886 919 1140 1010 Ἀμφισσεῦσιν

186 1025 415 1113 άντλγδρτοῖν
425 1032 589 1112 μεγίστων
602 1024 816 1112 ἀδικημάτων
832 1027 1000 1112 χρήμασιν
1018 1025 1141 1106 αὐτοὺς

186 1128 384 1212 ἐζημίωσαν,
403 1127 459 1193 καὶ
469 1124 556 1194 ταῦτ’
570 1129 607 1193 ἐν
619 1127 707 1212 ῥητῷ
718 1125 828 1212 χρόνῳ
840 1139 1004 1208 προεῖπον
1012 1135 1063 1216 τῷ
1073 1135 1141 1216 θεῷ
1243 1141 1244 1146 ’

186 1235 399 1311 καταθεῖναι,
421 1227 476 1294 καὶ
488 1225 567 1303 τούς
578 1226 640 1311 μὲν
660 1227 787 1309 ἐναγεῖς
804 1225 939 1291 καὶτῶν
950 1230 1142 1310 πεπραγμέ-

187 1351 258 1392 νων
270 1331 396 1403 αίτίονς
406 1324 666 1411 μετεστήσαντο,
689 1322 768 1401 τούς
780 1325 816 1390 δὲ
835 1319 874 1389 δι’
889 1320 1059 1410 εὐσέβειαν
1070 1350 1141 1408 φυ-

186 1424 308 1510 γόντας
320 1423 518 1511 κατήγαγον.
553 1421 664 1508 ἐπειδή
678 1423 714 1490 δὲ
730 1421 808 1490 οὐτε
819 1421 860 1489 τὰ
877 1423 1029 1510 χρήματα
1042 1425 1140 1503 ἐξέτι-

187 1549 250 1591 νον
261 1531 307 1612 τῷ
318 1528 388 1611 θεῷ
404 1521 484 1599 τούς
501 1519 527 1588 τ’
538 1524 667 1606 ἐναγεῖς
683 1522 872 1607 κατήγαγον
889 1525 944 1590 καὶ
954 1522 1034 1601 τούς
1045 1519 1135 1590 εὐσε-

186 1629 256 1708 βεῖς
266 1619 492 1698 κατελθόντας
503 1616 556 1687 διά
568 1628 636 1688 τῶν
644 1617 1072 1708 Ἆμφικτυόνωνέξέβαλον,
1081 1621 1141 1688 οὐ·
1243 1657 1244 1696 ι

118 1736 169 1790 520
187 1745 251 1798 τως
260 1718 325 1806 ήδη
346 1715 409 1806 τήν
426 1722 588 1802 δευτέραν
606 1725 780 1804 στρατείαν
797 1716 937 1798 ἐπὶτούς
944 1715 1142 1805 Ἀμφισσέας

187 1819 395 1907 ἐποιήσαντο,
418 1826 530 1910 πολλῷ
553 1819 661 1913 χρόνῳ
675 1817 828 1905 ὕστερον,
852 1820 1143 1907 ἐπανεληλυθότος

187 1926 356 1990 Φιλίππου
367 1923 404 1989 έκ
416 1927 474 2005 τής
485 1921 537 1986 ἐπὶ
547 1916 626 1998 τούς
638 1917 779 1996 Σκύθας
793 1927 980 2005 στρατείας,
994 1927 1064 1986 τῶν
1079 1922 1140 2004 μὲν

186 2025 279 2086 θεῶν
289 2016 352 2104 τήν
366 2017 549 2105 ἡγεμονίαν
559 2027 616 2104 τῆς
634 2015 802 2105 εὐσεβείας
813 2015 893 2104 ἡμῖν
903 2017 1142 2101 παραδεδωκό-

186 2141 270 2201 των,
285 2125 343 2201 τής
360 2118 395 2182 δὲ
405 2122 649 2202 Δημοσθένους
660 2122 864 2201 δωροδοκίας
880 2116 1036 2203 έμποδιύν
1046 2143 1141 2204 γεγε-

186 2217 338 2300 νννένιε-
1243 2283 1244 2312 ,

268 2309 348 2382 Ἀλλ’
366 2308 406 2380 οὐ
418 2313 616 2397 προῦλεγον,
629 2312 670 2379 οὐ
682 2314 932 2400 προεσήμαινον
941 2313 1020 2401 ἡμῖν
1034 2319 1072 2382 οί
1079 2324 1145 2382 θε-
1161 2337 1204 2392 13⁰

187 2416 219 2482 οὶ
237 2411 468 2498 φυλάξασθαι,
491 2410 598 2496 μόνον
615 2408 676 2478 οὐκ
698 2410 893 2497 ἀνθρώπων
908 2413 1022 2498 φωνάς
1033 2435 1144 2499 προσ-

187 2512 404 2598 κτησάμενοις
433 2507 593 2596 οὐδεμίαν
604 2537 656 2580 τοι
671 2512 805 2580 πώποτε
823 2517 925 2597 ἔγωγε
935 2517 1066 2597 μᾶλλον
1077 2512 1166 2580 πό-.

185 2619 240 2680 λιν
251 2610 381 2698 ἑόρακα
393 2607 458 2677 ὐπδ
470 2609 530 2696 μέν
540 2617 608 2678 τῶν
621 2618 713 2679 θεῶν
724 2612 929 2697 σωζομένην,
941 2607 1006 2678 ὐπὸ
1024 2611 1062 2678 δὲ
1072 2618 1145 2680 τῶν
1243 2685 1244 2704 ,

186 2709 339 2798 ρητόρων
355 2710 456 2777 ἐνίων
471 2707 713 2796 ἀπολλυμένην.
749 2707 810 2794 οὐχ
828 2707 947 2778 ίκανδν
966 2703 1011 2795 ἦν
1022 2709 1061 2779 τό
1073 2725 1145 2788 τοῖς

186 2813 378 2896 μυστηρίοις
390 2807 497 2891 φανέν
508 2823 645 2894 σημείου
657 2805 910 2894 φυλάξασθαι,ή
922 2815 991 2875 τῶν
1003 2805 1146 2893 μυστῶν

185 2904 321 2990 τελευτή
326 2932 335 2982 3
365 2901 406 2970 οὐ
423 2909 498 2988 περὶ
515 2904 643 2974 τούτων
658 2904 861 2991 Ἀμεινιάδης
878 2907 941 2990 μὲν
951 2901 1147 2990 προῦλεγεν

185 3001 401 3090 εὐλαβεῖσθαι
417 3003 473 3070 καὶ
483 3005 630 3089 ’πέμπειν
646 3011 692 3084 είς
703 3002 862 3088 Δελφούς
875 3002 1146 3090 ἐπερησομένους

185 3099 355 3187 τὸνθεόν,
369 3098 388 3168 ὅ
401 3127 433 3169 τι
443 3099 504 3188 χρή
516 3103 690 3189 πράττειν,
703 3107 927 3189 Δημοσθένης
938 3105 974 3168 δὲ
985 3099 1144 3186 άντέλεγε

100 3199 165 3275 ενι
186 3205 387 3284 φιλιππίζειν
399 3199 460 3286 τήν
471 3207 610 3268 Πυθίαν
627 3201 785 3287 φάσκων,
808 3199 1006 3278 ἀπαίδευτος
1023 3197 1074 3267 &v
1085 3201 1144 3266 καὶ

185 3297 367 3367 άπολαύων
378 3302 434 3368 καὶ
444 3299 690 3386 ἐμπιπλάμενος
706 3307 764 3386 τής
781 3303 954 3386 διδομένης
971 3296 1028 3385 ὑφ’
1043 3295 1144 3384 ὑμῶν
1167 3295 1208 3372 τί

183 3395 274 3485 αὐτῷ
286 3402 450 3478 έξουσίας;
467 3397 510 3476 ιοὐ
521 3395 558 3466 τό
571 3407 760 3466 τελευταῖον
770 3395 908 3467 άθύτων
919 3398 974 3466 καλ
983 3395 1143 3464 άκαλλιε-
1164 3407 1203 3460 131

183 3494 294 3576 ρήτων
312 3503 379 3560 τῶν
397 3497 498 3576 ίερῶν
519 3497 627 3565 ὄντων
648 3502 806 3584 ἐξέπεμψε
828 3497 908 3577 τούς
937 3495 1142 3582 στρατιώτας
