2510 3948
355 275 491 332 ΚΑΤΑ
513 274 892 334 ΚΤΗΣΙΦΩΝΤΟΣ.
1030 270 1091 334 147

138 438 213 517 τρία
231 429 261 499 δ’
283 424 326 518 ἦν
342 428 363 498 ἀ
379 430 447 518 ἅμα
458 435 623 519 έξωνεῖτο,
635 442 767 516 πρῶτον
778 432 839 518 μὲν
850 430 895 520 μη
907 437 1092 518 διασφαλῆ-

139 558 195 598 ναι
205 538 262 616 τῆς
274 530 358 615 πρὸς
367 528 454 616 ὑμεῖς
465 541 664 618 συμμαχίας·
684 529 858 617 οὐδὲνγὰρ
874 525 918 618 ἦν
927 531 965 600 τὸ
977 534 1091 620 μέσον,

139 636 171 698 εί
188 631 351 716 μνησθεὶς
372 637 440 697 τοῦν
462 635 635 715 προτέρων
657 628 869 717 ἀδικημάτων
886 627 903 696 ὁ
923 637 1024 718 δῆμος
1045 628 1090 718 μὴ

139 730 355 810 προσδέξαιτο
374 728 438 812 τὴν
460 736 666 815 συμμαχίαν,
695 727 767 798 ἀλλ’
791 727 941 816 ὑπῆρχεν
959 725 1093 820 αὐτῷῆ

138 825 279 912 φεύγειν
289 829 325 893 ἐκ
335 831 499 907 Χαλκίδος
512 823 706 913 ἦτεθνάναι
717 832 1015 916 ἐγκαταληφθέντι·
1033 854 1092 914 τη-

139 933 291 995 λικαῦται
306 928 465 1012 δυνάμεις
483 925 534 996 ἐπ’
551 926 655 996 αῦτδυ
666 930 920 1013 ἐπεστράτευον,
942 928 965 1016 ἥ
981 955 1015 996 τε
1028 935 1090 997 Φι-
1106 932 1160 988 ¹184

139 1032 264 1094 λίππου
282 1026 337 1092 καὶ
355 1031 520 1111 Θηβαίων.
546 1027 703 1110 δεύτερον
719 1026 751 1096 δ’
769 1020 853 1114 ἧκον
870 1031 906 1096 οἱ
918 1031 1035 1114 μισθοὶ
1045 1033 1090 1116 τῷ

138 1123 306 1208 γράψαντι
325 1119 388 1208 τὴν
410 1134 599 1210 συμμαχίαν
617 1121 701 1208 ὑπὲρ
726 1133 789 1193 τοῦ
810 1122 855 1212 με)
877 1124 1092 1210 συνεδρεύειν

136 1221 294 1306 Ἀθήνησι
305 1223 505 1306 Χαλκιδέας,
522 1228 635 1305 τρίτον
646 1226 682 1291 δὲ
697 1219 782 1290 ὥστε
792 1219 836 1308 μη
848 1231 954 1289 τελεῖν
965 1221 1090 1289 συντά-

82 1335 123 1388 92
139 1323 211 1400 ξεις.
234 1321 435 1388 καὶτούτων
452 1347 521 1388 τιιν
538 1323 764 1407 προαιρέσεων
778 1318 935 1410 οὐδεμιᾶς
952 1317 1091 1403 ἀπέτυχε

140 1425 296 1504 Καλλίας,
311 1416 386 1487 ἀλλ’
400 1416 418 1486 ὁ
438 1419 681 1505 μισοτύραννος
691 1422 924 1505 Δημοσθένης,
936 1417 979 1497 ὡς
991 1415 1091 1494 αὐτὸς

140 1531 382 1600 προσποιεῖται,
405 1515 447 1585 ὅν
464 1538 547 1604 φησι
563 1526 748 1605 Κτησιφῶν
758 1519 798 1586 τά
809 1523 959 1605 βέλτιστα
971 1521 1089 1602 λέγειν,

139 1614 281 1684 ἀπέδοτο
303 1617 364 1701 μὲν
385 1615 465 1694 τοῦς
481 1616 618 1703 καιρούς
635 1615 713 1696 τοῦς
729 1625 787 1703 της
804 1617 946 1702 πόλεως,
968 1621 1091 1701 ἔγραψε

104 1717 107 1728 ’
139 1711 170 1782 δ’
185 1720 221 1781 έν
232 1721 271 1800 τῇ
284 1721 450 1801 συμμαχίᾳ
461 1721 602 1800 βοηθεῖν
609 1713 697 1802 ἡμᾶς
706 1719 919 1800 Χαλκιδεῦσι,
930 1718 1018 1803 (λῆμα
1029 1713 1091 1799 μό-

137 1839 201 1881 νον
212 1810 571 1897 ἀντικαταλλαξάμενος
581 1813 655 1881 ἀντὶ
666 1814 804 1901 τούτων,
818 1811 981 1899 εύφημίας
994 1815 1090 1880 ἕνεκα

138 1911 358 1997 προσγράψας
368 1915 551 1990 Χαλκιδέας
559 1919 713 1999 βοηθεῖν,
734 1913 794 1981 έάν
812 1939 860 1991 τις
872 1922 905 2000 ίη
917 1909 968 1980 ἐπ’
990 1910 1090 1998 Ἀθη-

81 2029 120 2086 93
136 2016 268 2088 ναίους·
278 2008 337 2088 τάς
346 2009 382 2078 δέ
394 2014 568 2097 συνεδρίας
576 2013 631 2079 καὶ
639 2009 697 2089 τὰς
704 2012 884 2097 συντάξεις,
896 2015 929 2091 ἐξ
938 2001 986 2078 ὦν
995 2010 1090 2096 ίσχύ-
1108 2021 1159 2079 486
1179 2077 1184 2088 ,

138 2106 241 2178 σεινὸ
260 2109 403 2195 πόλεμος
419 2107 577 2195 ἤμελλεν,
602 2109 882 2196 ἀρδην·ἀπε’δοτο,
892 2149 895 2156 ·
905 2116 1091 2190 καλλίστοις

138 2207 300 2294 ὀνόμασιν
307 2214 472 2294 αἰσχίστας
479 2207 611 2293 πράξεις
617 2209 759 2295 γράφων
767 2211 875 2298 καὶτῷ
884 2209 972 2298 λάγφ
984 2227 1091 2293 προσ-

136 2307 284 2394 βιβάζων
303 2304 404 2393 ὑμᾶς,
426 2305 486 2386 τάς
507 2311 568 2393 μὲν
588 2315 747 2395 βοηθείας
769 2307 813 2388 ὡς
836 2314 889 2377 δεῖ
906 2308 968 2395 την
992 2309 1090 2376 πόλιν

137 2406 302 2493 πρότερον
319 2416 487 2476 ποιεῖσθαι
505 2422 573 2486 τοῖς
589 2406 639 2476 ἀεὶ
652 2411 822 2493 δεομένοις
831 2415 900 2473 τῶν
911 2403 1088 2491 Ἑλλήνων,

136 2502 196 2584 τάς
216 2506 252 2573 δὲ
275 2512 460 2589 συμμαχίας
480 2501 619 2588 ὑστέρας
641 2504 721 2589 μετά
739 2503 798 2582 τὰς
815 2500 1012 2589 εὐεργεσίας.
1034 2509 1090 2572 ἵνα

137 2602 170 2672 δ’
188 2596 228 2671 εύ
246 2606 370 2687 είδητε,
394 2598 445 2668 ὅτι
456 2599 567 2686 ἀληθῆ
584 2605 687 2687 λέγω,
711 2606 793 2688 λαβέ
802 2627 859 2686 μοι
869 2600 930 2689 τὴν
940 2611 1089 2672 Καλλίου

134 2699 271 2788 γραφὴν
277 2703 332 2769 καὶ
342 2700 405 2785 τὴν
412 2705 610 2785 συμμαχίαν,
622 2703 678 2766 καί
689 2697 865 2785 ἀνάγνωθι
875 2697 912 2769 τὰ
924 2701 1086 2787 ψήφισμα.

497 2805 731 2868 ΨΗΦΙΣΜΑ.

82 2918 119 2974 94
223 2897 327 2966 Ούπω
351 2905 468 2966 τοίνυν
489 2893 581 2965 τοῦτ’
605 2900 672 2966 ἐστὶ
694 2894 823 2984 δεινὸν,
848 2904 879 2967 εί
898 2901 1007 2982 καιροὶ
1028 2901 1089 2966 πέ-
1107 2907 1164 2966 486

136 3023 279 3083 πρανται
290 3004 478 3085 τηλικοῦτοι
489 2999 544 3067 καί
556 3001 726 3083 συνεδρίαι
739 3001 795 3067 καὶ
805 2999 991 3082 συντάξεις,
1004 2996 1089 3066 ἀλλά

136 3097 224 3165 πολῦ
241 3097 364 3165 τούτου
381 3097 572 3182 δεινότερον
585 3095 666 3183 ὑμίν
683 3097 867 3184 φανήσεται
885 3093 1022 3182 δμέλλω
1033 3099 1089 3166 λέ-

135 3223 217 3282 γειν.
230 3202 275 3277 είς
286 3195 350 3282 γὰρ
361 3203 460 3264 τοῦτο
478 3196 632 3283 προήχθη
638 3202 788 3275 ιΚαλλίας
800 3197 862 3280 μὲν
873 3192 890 3261 ὁ
903 3197 1088 3274 Χαλκιδεύς

135 3294 266 3383 ὕβρεως
283 3295 339 3364 καὶ
357 3298 562 3379 πλεονεξίας,
584 3297 806 3379 Δημοσθένης
827 3297 878 3379 δὲ,
901 3291 943 3360 ὃν
965 3297 1092 3361 ἐπαινεῖ

136 3400 336 3480 Κτησιφῶν,
349 3397 568 3479 δωροδοκίας,
582 3392 666 3461 ὥστε
677 3391 735 3470 τοὶς
745 3396 776 3471 ἐξ
788 3389 906 3474 Ὠρεοῦ
918 3392 1088 3473 συντάξεις

134 3496 190 3561 καὶ
200 3491 259 3571 τὰς
270 3495 303 3569 ἐξ
311 3489 487 3586 Ἐρετρίας,
506 3489 546 3558 τά
558 3493 637 3558 δέκα
646 3489 806 3573 τάλαντα,
832 3487 1087 3641 ὁρῧνμωνφρο-
1249 3597 1250 3651 1

1247 3695 1249 3799 λ
