2486 3948
431 328 742 416 ΕΠΙΣΤΟΛΑΙ.
1015 329 1077 392 νον

123 493 194 556 δελν
205 494 263 556 καί
271 514 301 556 τι
312 485 397 574 ήμάς
414 488 468 556 καὶ
485 481 558 555 οἷον
577 491 613 554 ἐν
624 491 811 576 κωμῳδίαις
827 492 901 574 περὶ
913 488 973 558 τόν
983 489 1078 559 Σκά-

64 600 101 652 10
121 590 275 673 μανδρον
294 581 507 672 ἐργάσασθάι.
541 583 633 670 κάγοδ
657 585 720 670 μὲν
736 585 817 655 ἀλλο
836 587 936 657 οὐδὲν
956 585 978 677 ἢ
998 588 1075 659 ὅποι

122 684 212 771 λήξει
222 682 243 770 ή
254 683 400 771 τοσαύτη
410 682 625 771 ἀναισχυντία
642 689 857 773 προσμένων,
875 696 1007 770 λίθινος
1017 686 1074 757 ὑπ’

123 781 275 862 ἀπιστίας
287 781 471 869 ἐγεγόνειν·
492 778 510 849 ὁ
522 783 558 850 δὲ
570 781 665 872 ἐῴκει
674 785 728 850 καὶ
740 789 854 872 τρίτην
868 783 1076 867 Ἀπόλλωνός

122 909 180 970 μοι
202 887 290 950 δοκῶ
312 881 552 951 καλΔιονύσον
573 889 722 969 μοιχείαν
738 883 887 968 ἐπάξειν,
911 885 972 964 ἕως
994 884 1076 954 ίδιδν

123 983 188 1067 ἐγοδ
212 979 312 1068 ὄχλον
332 982 515 1069 προσιόντα
535 989 576 1069 τῇ
593 980 687 1070 θύρᾳ
704 979 814 1069 ,τοῦτ’
827 986 957 1052 ἐκείνοι(
978 989 1074 1072 ἐφην,

122 1078 513 1203 ,,καταπρήσοντεςήμάς
524 1079 696 1167 πάρεισι,“
719 1083 774 1149 καὶ
791 1078 830 1148 δι’
843 1078 1076 1170 ὀπισθοδόμου

122 1181 214 1260 τινός
236 1179 362 1260 εάθέως
383 1183 467 1267 πρός
490 1185 749 1268 Μελανιππίδην
770 1181 907 1266 φεύγων
929 1182 1073 1270 ᾠχόμην,
1133 1211 1136 1217 ·

12 1285 14 1290 ’
122 1285 255 1349 ἐκεδθεν
267 1281 331 1349 δὲ’
314 1285 453 1364 εσπίρας
470 1280 522 1348 ἐπὶ
533 1280 714 1348 θάλατταν.
728 1279 796 1349 εἶτα
809 1281 961 1365 πρόσθεν
969 1280 1075 1375 ἀξένρι

12 1415 13 1418 “
122 1379 225 1448 καὶ”
198 1399 287 1469 ωστη
308 1377 419 1470 ἀνέμω
436 1379 665 1501 κατήχθημεν,
689 1375 729 1448 όν
745 1378 897 1468 μηδεδς’“
875 1408 918 1449 αν
934 1377 1076 1462 ἀλλος’“
1053 1409 1074 1469 η

125 1479 263 1566 φευγωυ
273 1505 310 1546 το
300 1477 543 1564 Κιμωνειον”
521 1502 601 1564 αγος
613 1474 789 1566 ὑπομείναι
799 1482 918 1549 πλέων.
939 1486 1077 1548 τοιαῦτα
1091 1493 1142 1549 ὁδε

12 1617 14 1620 ·
123 1580 185 1666 μὲν
196 1577 319 1648 παθοδν
331 1583 401 1647 δεῖν
411 1587 464 1647 σοι
473 1577 626 1665 γράφειν,
639 1574 684 1656 ὡς
694 1577 918 1663 σχετλιάσοντι
928 1581 983 1647 καὶ
994 1581 1075 1666 ἐμοῦ

120 1686 267 1764 μᾶλλον,
280 1678 388 1768 ᾤμην·
412 1676 455 1744 σύ
466 1676 502 1744 δέ
513 1671 556 1743 ἀν
566 1679 704 1764 ἱκανοῖς,
718 1675 823 1764 οἶμαι,
836 1679 1018 1764 γελάσειας.

571 1827 621 1891 ll.

205 1944 290 2004 ΤΗΙ
306 1945 482 2007 BOYAHI
497 1943 586 2004 ΚΑΙ
606 1942 691 2005 Tm
708 1942 875 2006 ΔΗΜΩΙ
897 1941 995 2004 ΤΩΝ

467 2041 728 2105 ΑΘΗΝΑΙΩΝ.

209 2161 258 2232 Τά
270 2164 331 2250 μὲν
340 2165 425 2234 ἀλλα
437 2170 507 2234 δεσν
517 2164 597 2254 ὑμίν
608 2169 818 2252 ἐπιστέλλειν,
831 2169 906 2252 περὶ
918 2157 967 2235 οἷν
978 2169 1076 2256 ἐβου-

123 2263 246 2352 λόμην,
270 2267 325 2332 καί
343 2264 652 2357 πρότερονηόόμην·
673 2263 714 2334 ού
733 2263 797 2350 γάρ
822 2262 1021 2353 ἀφηρήσθιιί
1037 2293 1076 2353 γε

122 2369 221 2433 τοῦτο
233 2360 441 2449 ἀτυχήσαντα
451 2371 520 2433 τοῖν
531 2364 605 2448 παρ’
618 2362 700 2451 ὑμῖν
710 2363 964 2450 ὑπελάμβανον·
989 2385 1075 2451 συμ-

122 2461 299 2550 βουλεύειν
320 2464 429 2531 δὲκαὶ
451 2471 743 2551 πολυπραγμονεῖν
761 2459 803 2529 ού
824 2470 944 2549 μικρᾶς
966 2469 1076 2552 ἐμοιγε

122 2559 283 2648 ἀκρασίας
293 2565 392 2648 ἔργον
409 2564 561 2648 ἐφαίνετο
579 2560 678 2647 εἶναι,
703 2561 860 2631 δεδωκότι
876 2563 1076 2651 τηλικαύτην

123 2660 222 2744 δίκην
242 2666 305 2726 τού
326 2660 577 2746 πολιτεύεσθαι,
600 2658 689 2746 πλὴν
706 2668 738 2727 εί
750 2685 782 2726 τι
793 2661 862 2728 δέοι
879 2662 1076 2730 καλούντων

12 2768 15 2802 ²
90 2777 109 2828 ν
123 2753 230 2844 ὑμεῖν.
253 2756 360 2839 άλλως
372 2760 407 2827 δὲ
421 2763 503 2847 μηδὲ
514 2758 615 2849 όάδιά
624 2777 712 2826 τισιν
722 2761 930 2847 ἐπιτηδείων,
953 2755 1013 2847 οὐχ
1025 2759 1077 2830 ότι

12 2877 17 2888 ’
122 2855 233 2943 πόλει,
247 2858 490 2946 συμβουλεύειν
507 2855 529 2924 δι’
544 2858 703 2944 προσήκει
722 2853 849 2948 ᾠόμην·
872 2855 953 2944 ύμῖν
964 2856 1000 2927 δὲ
1013 2858 1076 2926 ἐά-

12 2977 26 2987 ’·
123 2981 194 3040 ρων
210 2953 333 3036 ἀλλους
352 2959 407 3025 καὶ
431 2959 538 3044 λέγειν
558 2959 613 3025 καί
632 2955 788 3044 πράττειν
811 2960 1017 3043 δυναμένους
1035 2955 1075 3025 τά

12 3075 19 3102 ³
121 3054 236 3124 κοινά·
249 3061 427 3126 κατέλιπον
437 3056 502 3145 γάρ
515 3056 577 3126 οὐκ
588 3055 729 3143 ὀλίγους.
753 3059 823 3124 ἐπεὶ
841 3056 877 3124 δὲ
894 3058 929 3124 οί
943 3057 1005 3143 μδν
1021 3083 1076 3126 τε·

13 3179 15 3194 ’
121 3161 242 3239 θνᾶσι,
265 3157 381 3224 πολλοὶ
395 3156 431 3224 δὲ
443 3154 645 3243 ἠτυχήκασιν
656 3153 768 3237 ὥσπερ
780 3151 862 3240 ἐγοδ,
884 3158 1077 3241 περιέστηκε
1091 3169 1142 3226 686

17 3263 20 3276 ’
121 3253 157 3322 δὲ
170 3251 190 3339 ή
202 3250 298 3332 πόλις
308 3259 355 3332 είς
372 3257 510 3340 ἐρημίαν
521 3260 589 3321 τῶν
606 3254 891 3339 πολιτευομένων,
914 3249 1027 3320 ἀκούω
1040 3256 1076 3320 δὲ

12 3361 18 3410 ῖ
119 3349 383 3438 τοδςμέναύτού
393 3351 570 3439 παρόντας,
577 3346 657 3428 τούς
668 3351 704 3416 δέ
715 3350 769 3416 καὶ
781 3345 820 3416 δι’
829 3352 1012 3418 ἐπιστολῶν
1022 3375 1074 3418 κι-

12 3472 20 3484 ·
119 3463 192 3517 νεῖν
207 3475 239 3518 τι
256 3456 325 3518 τῶν
343 3459 401 3537 τῆς
418 3448 544 3529 πόλεως
560 3448 782 3534 πραγμάτων,
806 3449 936 3534 ἕτοιμος
953 3445 1017 3536 ἤδη
1034 3446 1074 3516 τά

18 3584 22 3602 =
120 3553 287 3698 δοηοῦντα
304 3555 346 3638 τῇ
363 3548 458 3619 πόλει
476 3549 676 3636 συμφέρειν,
702 3544 746 3626 ὥς
762 3545 870 3632 μόνον
886 3549 991 3627 ἔξεστί
1006 3573 1073 3634 μοι,

188 3659 323 3699 asemas.
