2444 3946
67 243 133 291 OB.
154 239 178 290 1.
254 238 344 291 ΠΕΡΙ
362 237 439 290 Tor
455 239 694 292 ΚΛΕΩΝΤΜΟΤ
710 241 877 294 ΚΛΗΡΟΤ
1004 246 1044 309 13

67 420 111 482 τί
134 437 217 481 ποτε
248 411 484 501 ἐπανορθώσας
513 415 712 535 κυριωτέρας
742 409 843 494 αότάς
870 407 978 501 ἡγοῖτ’
1001 407 1045 485 άν

67 508 231 602 ποιήσαι
250 529 318 592 τοῖς
334 509 399 604 γάρ
415 513 526 596 ἄλλοις
543 505 640 594 οὗτος
653 509 728 605 ὄρος
742 503 894 602 ἐστίν,
867 541 893 584 ω
909 510 1043 606 ἄνδρες,

66 619 147 684 τῶν
174 618 320 706 δωρεων.
358 610 429 687 ”Eu
453 618 491 686 δὲ
508 619 564 688 καὶ
588 626 622 685 εί
634 643 665 684 τι
684 613 894 740 προσγράψαι
915 614 1044 696 τούτοις
1061 641 1094 692 25

69 712 254 804 ἐβούλετο,
280 711 337 786 διά
358 725 394 786 τί
413 713 476 788 οὐκ
500 721 536 788 ἐν
560 719 659 836 ἑτέρῳ
682 714 810 808 γράψας
834 711 918 786 αότά
939 745 1041 838 γραμ

67 823 204 908 ματείῳ
234 819 425 908 κατέλιπεν,
454 816 567 907 ἐπειδή
597 815 637 888 τά
664 817 837 939 γράμματα
865 815 970 939 παρά
975 821 1044 888 των

67 915 252 1009 ἀρχόντων
274 914 336 987 οὐκ
360 919 521 1043 ἐδυνήθη
532 926 664 1006 λαβεῐν;
687 915 819 990 άνελείν
835 916 916 1010 γάρ,
942 907 970 988 ό
986 915 1042 989 άν-

71 1026 176 1141 δρες,
200 1015 263 1108 οόχ
284 1015 353 1099 οἶός
375 1017 404 1089 τ’
430 1011 473 1108 ήν
501 1017 580 1092 άλλο
602 1037 825 1110 γραμματείου
848 1015 870 1108 ή
893 1017 929 1091 τό
953 1017 1042 1111 παρά

69 1125 120 1210 τῇ
143 1117 232 1211 ἀρχή
253 1128 420 1209 κείμενον·
443 1121 568 1213 γραραι
591 1119 625 1191 δ
652 1124 727 1210 ἐξήν
751 1125 841 1202 είς”
822 1149 934 1212 ετερον
958 1132 993 1190 εί
1010 1150 1042 1191 τι

72 1221 252 1311 ἐβούλετο,
276 1225 332 1291 καὶ
349 1219 433 1311 μηδὲ4
449 1219 546 1296 τοῦθ’
570 1218 650 1344 ήμῑν
667 1218 956 1312 ἀμφισβητήσιμον
974 1225 1040 1314 έᾷν.

68 1331 119 1394 Εἰ
136 1325 322 1393 τοίνυνκαὶ
341 1351 438 1394 τουτο
456 1323 746 1447 συγχωρήσαιμεν,
766 1351 811 1404 ως
829 1327 953 1404 ἐκεῖνος
966 1326 1042 1394 ἐπα·
1059 1353 1093 1405 26

68 1427 250 1548 νρρθωσαι
268 1419 324 1504 τάς
343 1423 506 1513 διαθήκας
525 1421 696 1548 ἐβούλετο,
714 1427 794 1496 πάσι
813 1423 921 1512 δήπου
938 1452 1040 1515 φανε-

70 1525 136 1654 ρδν
161 1521 245 1614 ὑμῖν
274 1524 411 1597 ἐστιν”
391 1555 441 1597 οτι
463 1555 525 1596 ουκ
546 1523 657 1618 ὀρθως
681 1522 784 1606 αὐτάς
808 1533 895 1616 ἔχειν
917 1522 1038 1614 ήγείτο.

70 1635 185 1696 καίτοι
203 1643 355 1697 σκοπεῖτε
376 1630 432 1697 καὶ
457 1625 673 1700 έντευθεν
637 1655 698 1716 την
721 1623 959 1717 ἀναισχυντίαν
982 1623 1040 1696 αδ

69 1757 161 1816 των,
192 1733 227 1797 οι
248 1755 336 1808 τινες
364 1728 486 1808 ταύτας
515 1725 572 1808 τάς
597 1727 759 1816 διαθήκας
783 1725 986 1813 άξιοῦσιν
955 1757 1040 1800 ειναι

70 1837 213 1920 κυρίας,
243 1826 281 1909 ἃς
309 1825 506 1919 ὁμολογοῦσι
523 1826 601 1919 μηδ’
633 1826 735 1900 αὐτόν
758 1827 817 1902 τόν
841 1833 1041 1919 διαθέμενον

72 1929 208 2021 [ταῦτα]
233 1925 343 2020 ὀρθῶς
367 1937 455 2020 ἐχειν
478 1925 652 2020 ήγείσθαι,
677 1933 731 2000 καὶ
755 1939 933 2002 πείθουσιν
955 1927 1041 2019 ὑμᾶς

71 2037 214 2102 ἐναντία
243 2034 298 2100 καὶ
322 2049 390 2112 τοῖς
412 2031 524 2121 νόμοις
549 2035 604 2102 καὶ
627 2036 675 2124 τῷ
698 2037 817 2124 δικαίῳ
840 2034 896 2102 καὶ
919 2035 960 2121 τῇ
981 2035 1042 2102 τοῦ

68 2131 344 2220 τετελευτηκότος
366 2130 482 2223 γνώμη
500 2141 720 2223 ψηφίσασθαι.
745 2129 816 2204 Ἔτι
833 2141 950 2204 τοίνυν
966 2130 1041 2204 τού-
1059 2150 1091 2199 27

69 2264 143 2304 των
166 2229 325 2304 ἁπάντων
346 2231 576 2315 ἀναιδέστατος
604 2239 672 2305 τοῖν
694 2233 803 2324 λόγων
832 2238 938 2323 ἐστίν,
960 2231 1040 2306 ὅταν

70 2339 220 2425 τολμῶσι
237 2333 346 2423 λέγειν
363 2330 406 2416 ός
418 2333 618 2424 Κλεόνυμος
630 2333 732 2407 οὐδὲν
748 2332 832 2426 ήμᾱς
851 2340 918 2406 τόν
936 2331 1041 2408 αὑτοῦ

72 2445 193 2525 λαβεῖν
212 2435 376 2524 ε’βοόλετο.
405 2445 527 2525 καίτοι,
546 2426 572 2506 ά
590 2433 727 2525 άνδρες,
751 2446 843 2518 τίνας
861 2432 903 2507 άν
920 2435 1040 2517 άλλους

71 2542 180 2608 ταῦτα
208 2545 296 2628 ἔχειν
325 2537 493 2626 ἐβουλήθη
521 2541 645 2626 μᾶλλον
674 2533 695 2625 ή
718 2537 873 2625 τούτους,
901 2534 960 2618 οὓς
983 2539 1039 2608 καὶ

73 2645 140 2724 ζεῖν
159 2642 196 2709 ἐκ
213 2641 280 2709 των
298 2635 404 2709 αὑτοῦ
416 2648 552 2708 πλεῖστα
564 2642 774 2709 τῶνοίκείων
793 2636 929 2727 ὠφέλεις
949 2637 1040 2708 Πάν·
1058 2657 1099 2707 28.

74 2770 143 2812 των
169 2737 201 2809 δ’
221 2734 264 2810 άν
289 2751 339 2829 είη
357 2737 651 2828 θαυμασιώτατον,
672 2747 703 2808 εί
724 2745 960 2829 Κηφίσανδρος
978 2740 1039 2829 μὲν

71 2839 91 2912 δ
109 2840 240 2912 τούτων
257 2848 377 2922 οἰκεῖος
397 2847 526 2912 δίκαιον
547 2836 660 2929 ήγεῑτο
684 2841 769 2912 εἶναι
787 2845 883 2932 μέρος
902 2844 1040 2912 ἕκαστον

73 2939 170 3033 ήμοίν
201 2949 287 3032 ἔχειν
310 2946 367 3030 τῆς
389 2938 522 3030 οὐσίας,
552 2940 753 3034 Κλεώνυμος
779 2940 811 3013 δ’
835 2940 871 3024 ὃς
887 2933 937 3033 ,ήν
959 2939 1039 3032 ήμῖν

74 3043 273 3124 οἰκειότατος
297 3047 353 3114 καὶ
377 3039 460 3133 ήμάς
486 3051 532 3124 εἰς
554 3041 616 3132 τήν
639 3051 748 3115 οἰκίαν
770 3043 832 3133 τήν
856 3040 961 3114 αὑτοῦ
983 3053 1038 3112 λα-

75 3143 148 3233 βόν
166 3143 349 3235 ἐθεράπευε
372 3147 427 3214 καὶ
452 3148 638 3234 ἐπεμελεῖτο
655 3150 724 3216 τῶν
741 3142 909 3235 ἡμετέρων
927 3141 1038 3234 ὥσπερ

73 3252 144 3318 τόν
167 3241 272 3316 αὑτοῦ
294 3243 510 3336 πραγμάτων,
535 3236 630 3327 οὗτος
653 3246 752 3335 μόνος
777 3245 931 3336 ἐβούλετο
953 3241 1038 3334 ήμάς

75 3345 242 3440 ιἰκλήρους
260 3347 344 3418 εἶναι
362 3350 429 3416 τοῖν
446 3342 560 3418 αὑτοῦ.
597 3350 651 3418 καὶ
668 3355 718 3428 τίς
735 3344 777 3418 άν
794 3344 890 3438 ὑμῶν
907 3345 1038 3416 πιστεό-
1056 3368 1089 3420 29

77 3473 166 3521 σειεν
185 3445 422 3538 εὐνουστέρους
434 3451 489 3518 καὶ
506 3452 743 3538 μετριωτέρους
754 3448 831 3530 τούς
849 3445 1039 3528 ἀντιδίκους

77 3549 157 3642 ήμίν
186 3549 271 3620 εἶναι
301 3554 368 3620 τοῖν
397 3547 623 3634 οἰκειοτάτους
654 3545 807 3620 κάκεῐνον
831 3553 908 3639 μέν,
933 3538 1039 3640 μ’καὶ

1121 3589 1217 3888 λ
