2510 3948
325 309 450 366 KATA
470 306 852 372 KTHZIMNTOZ.
999 307 1059 372 143
1239 347 1241 416 2

558 437 559 440 η
1238 417 1241 450 ι

105 464 277 554 θυγατρός
288 465 380 556 αύτῷ
390 469 764 552 τετελευτηκυίας,πρλν
774 475 943 554 πενθῆσαι
953 469 1009 536 καὶ
1019 466 1058 536 τά
1075 481 1127 536 469
1240 459 1241 504 λ

106 566 307 653 νομιζόμενα
338 573 490 655 ποιῆσαι,
522 563 819 651 στεφανωσάμενος
848 568 904 636 καλ
932 563 1058 653 λευκήν

104 670 230 752 ἐσθῆτα
246 663 360 752 λαβάυ
378 663 555 752 ἐβουθύτει
574 667 629 733 καλ
648 661 845 751 παρενόμει,
867 661 938 750 τὴν,
948 665 1057 751 μόνην

106 761 124 832 ὁ
147 768 289 842 δείλαιος
309 763 364 834 καλ
384 761 521 848 πρότην
540 759 645 834 αὐτόν
663 764 787 844 πατέρα
808 768 1057 846 προσειποῦσαν

52 873 91 931 78
107 859 279 950 άπολέσας.
303 861 359 928 καλ
379 857 420 926 ού
437 855 475 927 τό
494 858 686 944 δυστύχημα
704 855 869 941 ὀνειδίζω,
891 855 975 926 άλλὰ
996 858 1056 928 τόν

104 959 231 1045 τρόπον
243 957 386 1038 ἐξετάζω.
408 955 428 1024 ὑ
443 954 509 1042 γάρ
520 956 713 1043 μισότεκνος
723 959 778 1028 καὶ
789 955 896 1045 πατὴρ
908 955 1055 1041 πονηρός
1073 967 1125 1023 470

101 1051 168 1124 ὀύιι
183 1055 226 1124 άυ
242 1079 321 1124 ποτε
344 1060 472 1140 γένοιτο
495 1053 689 1141 δημαγωγός
708 1054 862 1142 χρηστός,
873 1075 875 1079 ·
885 1054 964 1125 οὐδὲ
979 1051 998 1125 ὁ
1015 1051 1055 1122 τά

105 1161 246 1240 φίλτατα
257 1154 313 1222 καλ
330 1151 514 1224 οἰκειότατα
529 1153 665 1240 στόματα
675 1155 720 1240 μή
731 1157 880 1241 στέργων
890 1151 1054 1244 οὐδέποθ’

105 1251 192 1340 ὑμᾶς
210 1255 285 1342 περὶ
302 1259 456 1334 πλείονος
471 1254 643 1340 ποιήσεται
653 1251 731 1334 τούς
743 1251 953 1338 ἀλλοτρίους,
976 1250 1058 1322 ούδέ

105 1377 144 1436 γε
161 1347 180 1418 ὁ
198 1355 264 1439 ἰδίᾳ
277 1349 429 1438 πονηρός
448 1349 510 1420 οὑκ
527 1347 571 1420 άν
591 1353 719 1437 γένοιτο
742 1355 884 1440 δημοσία
903 1348 1054 1437 χρηστός,

106 1447 182 1517 οὐδ’
196 1449 285 1529 ὅστις
297 1452 386 1519 ἐστὶν
403 1459 490 1518 ολαοι
500 1457 645 1534 φαῦλος,
665 1446 820 1519 οὐδέποτ’
832 1441 924 1536 ἦν’έν
935 1455 1056 1516 Μακε-

106 1551 202 1636 δονία
213 1547 296 1616 κατά
313 1545 849 1634 τηυπρεσβείανκαλόςιιάγαθός·
868 1543 1056 1632 ούγάρτὸν

104 1644 248 1732 τρόπον,
259 1641 342 1712 άλλά
353 1642 412 1714 τόν
424 1646 529 1712 τόπον
540 1645 647 1731 μόνου
657 1645 864 1732 μετήλλαξεν.

46 1759 84 1814 79
188 1743 307 1812 Πόθεν
318 1735 382 1812 οὑν
394 1745 446 1810 ἐπὶ
457 1740 519 1828 τὴν
528 1741 715 1830 μεταβολὴν
724 1737 888 1830 ἦλθετάυ
898 1741 1054 1830 πραγμά-

91 1868 183 1926 των,
195 1833 292 1919 οὗτος
300 1839 364 1927 γάρ
374 1843 463 1908 ἐστιν
474 1836 652 1924 ὁδεύτερος
662 1843 787 1927 καιρὸς,
798 1843 853 1908 καὶ
864 1847 898 1908 τί
905 1837 972 1908 ποτ’
986 1841 1055 1908 ἐστὶ

100 1938 141 2009 τό
161 1947 283 2022 αλτιον,
306 1936 357 2007 ότι
374 1937 579 2024 Φιλοκράτης
595 1937 656 2028 μέν
672 1936 739 2008 άπό
755 1947 822 2008 τάν
834 1936 947 2009 αὐτόν
960 1946 1055 2005 πολι-

101 2039 277 2126 τευμάτων
286 2042 499 2124 Δημοσθένει
512 2037 621 2124 φυγάς
632 2035 690 2106 ἀπ’
704 2041 907 2122 εἰσαγγελίας
916 2039 1055 2123 γεγένη-
1184 2121 1187 2125 ¹
1240 2115 1241 2120 γ

103 2166 167 2224 ται,
180 2141 403 2224 Δημοσθένης
414 2138 449 2206 δέ
461 2139 577 2224 ἐπέστη
588 2144 657 2208 τάν
668 2137 779 2206 άλλωυ
789 2135 986 2224 κατήγορος,
999 2139 1054 2204 καὶ

103 2236 211 2304 πόθεν
229 2235 311 2306 ποθ’
330 2233 416 2322 ἡμᾶς
433 2242 479 2314 εἰς
495 2235 555 2315 τάς
570 2233 703 2322 άτυγίας
715 2232 733 2303 ὁ
745 2235 861 2322 μιαρὸς
873 2233 1054 2321 άυθρωπος
1240 2231 1241 2312 ζ

104 2335 300 2421 ἐμβέβληκε,
323 2332 416 2402 ταῦτ’
427 2333 493 2420 ἤδη
506 2335 732 2421 διαφερόντως
743 2333 838 2416 άξιόν
848 2338 935 2403 ἐστιν
946 2332 1052 2402 άκού·
1071 2351 1120 2408 471
1240 2363 1241 2398 ι

49 2449 87 2500 80
103 2453 167 2500 σαι
192 2428 235 2510 ὡς
250 2429 318 2522 γάρ
329 2431 462 2517 τάχιστα
481 2442 558 2502 εἴσω
575 2440 701 2501 Πυλωυ
717 2439 879 2509 Φίλιππος
901 2437 1053 2516 παρῆλθε

101 2529 215 2620 κρέ’
174 2555 233 2607 τας
249 2554 283 2597 τε
300 2532 337 2597 έν
354 2535 507 2598 Φωκεῦσι
523 2529 634 2609 πόλεις
644 2525 868 2616 παραδόξως’
848 2526 1053 2604 αυαστάτους

101 2613 252 2746 ἐποίησε,
258 2632 428 2713 Θηβαίους
439 2629 475 2694 θ
476 2624 541 2710 ,ὠς
554 2625 631 2696 τόθ’
644 2625 725 2712 ὑμῖν
735 2625 859 2712 ἐδόκει,
871 2633 1053 2712 περαιτέρω

100 2730 164 2794 τού
178 2749 299 2810 καιρου
286 2726 448 2794 καὶτοῦ
466 2721 627 2812 ὑμετέρου
647 2729 875 2847 συμφέροντος
896 2721 1054 2810 ἰσχυρούς

99 2821 361 2918 κατεσκεύασεν,
389 2821 481 2910 ὑμεῖς
507 2823 544 2892 δέ
564 2826 602 2893 ἐκ
622 2830 691 2892 τάν
711 2821 825 2910 άγράν
847 2824 1053 2910 φοβηθέντες

101 2912 410 3010 ἐσαευοιγωγησατε,
431 2925 468 2990 έν
484 2935 555 3001 ταῖς
570 2926 736 3008 μεγίσταις
753 2917 785 2990 δ’
798 2913 886 3008 ἦσαν
896 2926 1013 3000 αἰτίαις
1021 2923 1056 2988 ολ

101 3021 300 3105 πρέσβειςολ
308 3022 432 3108 περὶ
393 3046 450 3107 της
461 3018 594 3107 εἰρήνης
611 3019 891 3107 πρεσβεύσαντες,
912 3015 999 3087 πολὺ
1016 3017 1053 3086 δέ

100 3123 170 3184 τοῖν
180 3114 293 3214 άλλων
304 3118 530 3205 διαφερόντως
540 3116 746 3203 Φιλοκράτης
763 3118 818 3184 καὶ
828 3116 1052 3203 Δημοσθένης

101 3213 200 3282 διά
165 3240 203 3283 το
215 3207 260 3302 μὴ
272 3215 379 3302 μόνον
396 3217 608 3303 πρεσβεύειν,
630 3214 713 3284 άλλά
730 3219 787 3283 καὶ
800 3210 841 3282 τά
858 3218 1052 3299 ψηφίσματα

50 3333 83 3388 81
99 3316 319 3400 γεγραφέναι,
343 3317 466 3403 συνέβη
485 3312 515 3382 θ’
535 3319 649 3393 ἐντοῖς
666 3308 778 3391 αὐτοῖς
794 3308 926 3400 χρόνοις
937 3314 1054 3392 διαφέ-

101 3416 225 3492 ρεσθαί
238 3437 270 3477 τι
285 3414 513 3498 Δημοσθένην
528 3414 583 3480 καὶ
600 3409 812 3495 Φιλοκράτην
829 3402 949 3494 σχεδὸν
970 3403 1053 3494 ὑπὲρ

98 3511 245 3595 τούτων,
269 3501 398 3594 ὑπὲρ
370 3537 419 3578 ων
434 3507 523 3579 κάλ’
505 3524 597 3596 υμεῑς
612 3505 734 3587 αύτούς
751 3503 986 3574 ὑπωπτεύσατε
1004 3508 1055 3574 ότ-
