2510 3948
345 291 479 351 xm
499 275 878 378 πνειειοαιννοε.
1022 297 1084 362 13⁹

65 479 107 533 65
127 450 317 541 ποιήσησθε
333 451 396 538 τήν
412 451 562 538 εἰρήνην·
588 451 746 536 δεότερον
763 451 795 520 δ’
815 452 905 534 ὅπως
920 453 966 543 μή
976 457 1084 542 μόνον

126 554 192 642 τήν
203 554 349 641 εἰρήνην,
362 548 445 620 ἀλλὰ
456 553 707 638 καίσυμμαχίαν
716 547 800 618 εἰναι
807 563 988 638 ψηφιεῖσθε
996 552 1082 638 πρός

127 659 314 734 Φίλιππον,
330 647 390 734 ἶν’,
409 659 444 718 εἰ
449 675 536 729 τινες
547 651 739 738 προσέχοιεν
750 657 797 737 τῷ
808 650 931 735 πλήθει
941 659 987 742 τῷ
998 649 1081 738 ὑμε·

124 755 229 840 τέρμ,
264 756 310 828 εἰς
329 747 391 836 τήν
412 749 552 835 ἐσχάτην
573 751 745 835 ἐμπέσοιεν
766 745 918 834 άθνμίαν
937 748 1081 836 ὁρῶντες

125 847 216 935 ὑμᾶς
238 845 361 926 αὐτους
381 846 443 934 μὲν
466 854 742 931 παρακαλοῦντας
763 848 816 916 ἐπὶ
836 847 897 915 τόν
921 848 1078 936 πόλεμον,

126 955 216 1014 οίκοι
233 943 268 1012 δέ
285 941 330 1031 μή
342 944 449 1030 μόνον
460 941 612 1030 εἰρήνην,
634 940 718 1012 άλλά
731 945 787 1010 καί
801 952 988 1028 συμμαχίαν
999 948 1080 1032 ἐρη-

126 1045 310 1128 φισμένονς
329 1050 513 1109 ποιεῖσθαι·
536 1047 648 1125 τρίτον
663 1041 700 1109 δὲ
720 1039 811 1119 ὅπως
828 1044 1080 1128 Κερσοβλέπτης

125 1137 146 1208 6
164 1139 298 1229 Θράκης
313 1135 469 1224 βασιλεὺς
484 1136 530 1224 μή
549 1142 638 1204 ἔσται
654 1143 807 1225 ἔνορκος,
832 1141 914 1225 μηδὲ
930 1143 1080 1226 μετέσται
1095 1147 1148 1203 455

126 1247 185 1324 τῆς
202 1241 387 1324 συμμαχίας
405 1238 460 1305 καὶ
483 1243 542 1324 τῆς
564 1236 696 1324 εἰρήνης
716 1235 814 1327 αὐτῷ.
835 1243 1078 1324 παρηγγέλλετο

69 1350 109 1405 66
126 1333 160 1401 δ’
173 1333 225 1403 ἐπ’
243 1329 347 1402 αὐτόν
356 1332 421 1420 ήδη
431 1340 593 1420 στρατεία.
611 1337 665 1402 καί
674 1331 776 1401 ταῦθ’
790 1331 808 1401 6
821 1333 883 1420 μὲν
893 1337 1079 1422 ἐξωνούμε-

124 1461 185 1512 νος
195 1430 257 1502 οὐκ
267 1432 383 1520 ήδίκει,
395 1431 459 1519 πρδ
471 1431 536 1519 γάρ
547 1439 616 1500 τῶν
625 1431 738 1519 ὅρκων
747 1436 801 1500 καί
811 1439 881 1500 τῶν
895 1441 1078 1518 συνθηκῶν

126 1531 327 1621 ἀνεμέσητον
354 1527 398 1620 ἦν
424 1531 516 1622 αὐτῷ
535 1533 691 1620 πράττειν
717 1536 758 1601 τά
785 1537 1014 1621 συμφέροντα,
1045 1540 1080 1603 οί

126 1631 159 1700 δ’
179 1631 381 1717 ἀποδόμενοι
396 1633 451 1698 καί
466 1631 812 1719 κατακοινωνήσαντες
827 1630 868 1700 τά
879 1641 938 1722 τῆς
948 1633 1076 1713 πόλεως

123 1727 244 1816 ἰσχυρά
262 1728 406 1814 μεγάλης
422 1726 523 1813 όργής
540 1721 628 1812 ήσαν
645 1729 739 1808 άξιοι.
758 1728 776 1798 ὁ
796 1730 860 1816 γάρ
880 1739 1077 1818 μισαλέξαν-

124 1832 205 1910 δρος
225 1826 302 1892 νυνὶ
323 1824 463 1909 φάσκων
482 1821 568 1891 εἰναι
584 1827 640 1893 καὶ
655 1825 731 1893 τότε
746 1834 982 1913 μισοφίλιππος
1002 1837 1076 1913 Δη-

123 1927 308 2011 μοσθένης,
330 1918 348 1989 δ
365 1918 426 2007 τήν
443 1926 552 2002 ξενίαν
569 1925 638 2008 ἐμοὶ
656 1921 909 2010 προφέρωντήν
923 1921 1075 2003 Ἀλεξάν-

124 2027 219 2108 δρου,
230 2020 354 2107 γράφει
362 2020 526 2108 ψήφισμα,
538 2019 618 2100 τούς
625 2019 763 2106 καιροός
772 2028 830 2107 τῆς
837 2021 964 2099 πόλεως
972 2018 1075 2107 ὑφαι-

74 2145 107 2200 57
124 2120 304 2207 ροόμενος,
325 2123 501 2206 ἐκκλησίαν
518 2133 625 2188 ποιεῖν
641 2117 720 2199 τοὺς
735 2119 913 2204 πρυτάνεις
921 2127 962 2208 τῇ
972 2118 1075 2206 ὀγδόη

125 2219 370 2303 ἰσταμένοντοδ
379 2219 645 2305 ἐλαφηβολιῶνος
653 2215 767 2305 μηνός,
779 2213 824 2287 ὅτ’
831 2210 876 2305 ήν
883 2224 930 2307 τῷ
938 2215 1074 2303 Ἀσκλη-

124 2323 189 2404 πιῷ
198 2313 219 2401 ή
236 2321 340 2384 θυσία
351 2316 405 2383 καὶ
417 2313 435 2382 ὁ
446 2316 619 2403 προαγδν,
632 2319 670 2384 ἐν
682 2323 724 2405 τῇ
734 2320 808 2405 ίερᾷ
817 2314 940 2403 ήμέρηι,
958 2313 1074 2398 δτρό-
1090 2318 1142 2376 45⁶

124 2439 221 2499 τερον
249 2410 358 2491 οὐδεὶς
384 2417 544 2500 μέμνηται
571 2415 772 2500 γενόμενον,
806 2421 879 2480 τίνα
902 2412 1074 2497 πρόφασιν
1089 2425 1142 2482 457

124 2513 361 2602 ποιησάμενος;
380 2515 446 2598 ἵνα,
458 2515 576 2598 φησὶν,
589 2511 649 2581 ἐάν
658 2513 722 2599 ἤδη
732 2519 885 2598 παρῶσιν
896 2515 929 2578 οἰ
938 2518 1001 2578 τοῦ
1010 2519 1072 2579 Φι-

123 2618 247 2680 λίππου
267 2613 434 2696 πρέσβεις,
461 2611 684 2697 βουλεύσηται
705 2610 723 2678 ὁ
746 2615 847 2696 δῆμος
873 2607 917 2689 ὡς
936 2611 1072 2696 τάχιστα

124 2711 198 2795 περὶ
208 2719 276 2778 τῶν
287 2707 372 2796 πρὸς
382 2713 645 2792 Φίλιππον,τοϊς
655 2707 749 2776 οὔπω
760 2715 905 2791 παροῦσι
915 2709 1072 2795 πρέσβεσι

124 2810 456 2896 προκαταλαμβάνων
475 2807 537 2896 τήν
553 2810 731 2904 ἐκκλησίαν
755 2809 810 2876 καὶ
829 2806 909 2888 τούς
930 2809 1072 2894 χρόνους

122 2906 219 2994 ὑμῶν
238 2906 503 2995 ὑποτεμνόμενος
524 2909 579 2975 καὶ
605 2905 642 2976 τδ
664 2913 799 2994 πρᾶγμα
820 2909 1069 2994 κατασπεύδων,

121 3011 178 3074 ἰὐα
190 3005 235 3093 μή
246 3005 327 3093 μετὰ
344 3015 412 3075 τῶν
430 3003 714 3094 άλλωνἙλλήνωυ
729 3007 986 3075 ἐπανελθόντων
1002 3011 1071 3072 τῶν

121 3103 289 3193 ὑμετέρων
299 3111 485 3193 πρέσβεων,
507 3103 592 3175 άλλά
603 3107 701 3194 μόνοι
711 3105 896 3192 ποιήσησθε
907 3101 968 3189 τήν
979 3103 1071 3190 εἰρή-

75 3222 108 3277 68
122 3229 194 3290 νην.
217 3203 298 3290 μετά
309 3207 345 3271 δὲ
358 3211 472 3289 ταῦτα,
485 3196 513 3270 ά
521 3202 707 3290 Ἀθηναῖοι,
728 3194 813 3288 ήκον
830 3206 864 3269 οί
877 3209 939 3268 τοῦ
951 3208 1070 3268 Φιλίπ-

122 3324 188 3368 που
196 3301 364 3385 πρέσβεις·
381 3303 416 3368 οί
424 3299 460 3367 δέ
469 3298 620 3386 ὑμέτεροι
630 3298 824 3385 ἀπεδήμουν
834 3303 1069 3381 παρακαλοῦν-

121 3423 172 3476 τες
189 3393 434 3483 τοδςἛλληνας
450 3398 502 3466 ἐπὶ
518 3405 694 3466 Φίλιππον.
717 3394 854 3464 ἐνταῦθ’
873 3396 987 3477 ἕτερον
1003 3391 1070 3481 ψή-

122 3503 314 3584 φισμανικᾷ
324 3496 562 3582 Δημοσθένης,
584 3486 662 3584 ἐνηῖ
676 3494 800 3579 γράφει
810 3491 854 3580 μή
866 3493 973 3580 μόνον
983 3490 1070 3579 δπέρ
