2444 3946
163 273 201 322 v1
321 216 323 221 ,
450 234 832 310 rnunrnmo'cnmrea

163 439 344 511 pervenerunt
362 438 491 492 aetatem,
514 430 542 484 in
557 447 590 485 eo
605 446 745 485 causarum
761 427 923 501 privatarum
944 443 1044 499 genere
1059 443 1117 482 ver·

163 526 265 580 santur,
283 516 354 572 haud
368 514 445 572 multi
462 515 573 569 fuerunt
587 514 633 587 qui
648 512 736 570 studia
751 529 799 568 sua
808 511 975 568 conferrent.
998 509 1118 583 Contigit

162 611 251 660 tamen
267 601 306 656 eis
325 608 356 656 ut
369 599 509 673 egregium
523 615 616 654 rerum
631 598 753 654 oratione
772 594 965 668 explicaturum
979 593 1117 650 dictionis·

164 703 216 760 que
238 685 458 742 nanciscerentur
481 689 665 738 enarratorem
686 677 852 753 eundemque
874 678 998 736 criticum
1013 678 1118 733 muneri

163 787 212 826 suo
222 785 314 842 parem
329 767 426 840 Georg.
440 765 512 821 nria
525 765 751 826 Schoemannum,
768 781 783 820 a
799 781 852 838 quo
868 763 997 819 derebus
1012 761 1119 836 quidem

162 853 341 927 inprimisque
364 851 396 907 de
412 851 470 907 iure
493 849 563 905 civili
578 849 621 905 vin
639 866 709 905 unus
724 856 752 905 et
772 848 843 904 alter
855 846 966 903 relictus
983 845 1059 901 locus
1071 851 1119 914 est

163 937 209 1012 qui
232 943 279 992 aut
301 936 465 992 accuratiore
487 933 678 991 retractatione
696 940 743 989 aut
756 931 924 989 correctione
943 930 1063 1004 indigere
1082 927 1119 982 vi·

162 1021 265 1076 deatur.
297 1020 332 1075 lle
349 1019 437 1074 verbis
448 1023 538 1073 autem
551 1016 624 1074 illius
641 1017 758 1074 oratoris
775 1013 972 1090 perpurgaudis
988 1020 1068 1087 atque
1087 1011 1119 1066 ad

161 1103 303 1178 pristinam
314 1101 593 1176 speciemrcvocandis
607 1119 668 1158 oum
682 1102 782 1175 optime
796 1105 953 1156 meruerunt
965 1099 1039 1154 lnam.
1053 1095 1120 1152 Bel·

162 1187 245 1245 leros
260 1196 287 1243 et
304 1187 390 1244 critici
403 1185 575 1250 Turiceuses,
594 1203 709 1261 quorum
723 1184 770 1240 ille
785 1184 812 1238 in
827 1183 879 1240 hoo
894 1183 980 1256 magis
995 1198 1075 1256 quam
1092 1181 1120 1236 in

162 1272 260 1328 ceteris
284 1271 437 1328 oratoribus
462 1277 591 1344 quantum
612 1269 714 1343 ingenii
737 1268 858 1325 acumine
873 1273 968 1340 posset
988 1265 1119 1340 sagacita-

163 1362 244 1430 teque
271 1355 403 1417 ostendit,
430 1354 458 1408 hi
481 1353 570 1427 siquid
592 1353 625 1410 al
638 1355 697 1410 viro
718 1352 766 1408 illo
786 1350 943 1408 doctissimo
966 1349 1120 1424 neglectum

162 1447 235 1496 esset
256 1439 405 1496 autminus
420 1446 496 1495 recte
510 1439 665 1496 institutum
689 1436 863 1510 expleverunt
877 1443 924 1494 aut
934 1441 1119 1497 correxerunt,

162 1532 221 1580 turn
237 1523 290 1600 hoc
305 1532 427 1597 tempore
442 1539 520 1578 nemo
537 1523 609 1596 quod
623 1523 704 1579 sciam
722 1521 750 1576 in
766 1519 892 1577 omnihus
907 1519 974 1576 Isaei
990 1515 1120 1575 orationi·

162 1607 213 1664 hus
228 1606 397 1664 recensendis
420 1606 582 1679 edendisquc
599 1605 761 1680 peculiarem
779 1621 889 1678 operam
908 1619 1055 1676 curamque
1070 1618 1121 1676 po-

99 1741 101 1746 .
162 1692 227 1748 suit.
256 1691 322 1747 llam
336 1691 476 1747 llobsonus
491 1691 635 1746 Britannus
650 1690 677 1745 id
697 1690 754 1763 egit
768 1698 799 1746 ut
814 1688 945 1764 quidquid
959 1695 1032 1744 esset
1049 1702 1120 1742 ace·

163 1775 229 1832 teris
238 1775 432 1849 interpretibus
447 1775 479 1830 ad
494 1774 553 1830 illas
569 1774 742 1830 illustrandas
762 1772 872 1830 allatum
885 1773 1030 1846 diligenter
1042 1768 1119 1826 colli·
1173 1823 1176 1830 ,

114 1877 116 1882 ’
162 1867 255 1931 geret,
282 1876 344 1914 raro
369 1859 432 1932 quid
454 1858 486 1913 de
505 1876 613 1931 quoque
633 1858 695 1914 loco
717 1857 775 1932 ipse
796 1858 910 1914 sentiret
929 1855 1119 1930 profiteretur:

145 2001 148 2006 ,
162 1942 189 1998 id
205 1951 293 1999 tamen
306 1943 432 1998 utilitatis
444 1941 536 2010 attulit
548 1943 741 1999 adorationem
754 1941 822 1997 lsaei
836 1938 937 1996 rectius
953 1938 1121 1995 constituen-

137 2078 138 2082 ,
162 2027 235 2090 uam,
260 2027 333 2102 quod
354 2027 456 2084 codicis
479 2025 574 2100 optimi
594 2025 745 2100 Crippsiani
763 2025 861 2080 iterum
885 2041 901 2080 a
922 2041 951 2079 se
972 2022 1078 2086 excussi
1092 2029 1121 2077 et

160 2107 306 2166 Burneiani
328 2110 480 2183 scripturae
509 2110 715 2183 discrepantiam
730 2107 879 2182 evulgavit.
911 2106 1032 2163 Parisina
1055 2121 1119 2162 vero

162 2195 245 2250 editio
260 2212 274 2250 a
289 2193 384 2249 Garolo
401 2193 514 2250 lldllero
530 2193 742 2250 incuriosissime
755 2202 849 2249 curata
861 2209 922 2250 cum
936 2208 970 2247 ne
985 2199 1121 2247 transver-

141 2323 144 2330 .
162 2292 220 2334 sum
235 2277 342 2351 quidem
351 2294 470 2350 unguem
479 2278 598 2334 discedat
613 2277 817 2334 al'uricensiin
831 2293 941 2333 censum
956 2275 1047 2334 venire
1063 2291 1120 2330 non

161 2370 262 2436 potest.
301 2361 352 2418 Sed
374 2378 462 2434 nuper
483 2361 645 2418 exstiterunt
666 2361 786 2434 quamvis
801 2360 880 2435 pauci
897 2360 943 2433 qui
960 2360 988 2414 in
1004 2357 1120 2431 singulis

161 2445 229 2502 locis
252 2444 418 2518 expoliendis
434 2445 605 2518 mendisque,
630 2441 729 2519 quibus
752 2446 877 2501 intanta
900 2442 1119 2500 doctissimorum

162 2530 282 2585 virorum
294 2529 425 2585 industria
436 2547 466 2585 ac
482 2529 622 2604 diligentia
636 2536 725 2586 tamen
734 2528 876 2603 permultis
889 2527 1045 2600 inquinatae
1055 2533 1120 2583 sunt

161 2613 231 2670 lsaei
248 2614 399 2677 orationes,
421 2613 566 2670 liberandis
587 2613 681 2670 sedulo
694 2613 878 2670 elaborarent.
906 2613 935 2668 In
950 2611 1049 2686 quihus
1063 2626 1120 2666 non

163 2699 294 2754 mediocri
309 2699 386 2754 laude
397 2697 471 2772 digni
483 2706 547 2754 sunt
559 2698 703 2761 Dobraeus,
717 2699 861 2754 Britannus
870 2694 1120 2770 perspicacissimus

129 2769 133 2794 ‘
161 2780 308 2854 (adversar.
329 2779 382 2837 vol.
403 2781 423 2835 Ι.
443 2799 469 2853 p.
488 2789 538 2842 286
556 2798 615 2854 sqq.
640 2784 668 2838 e't
688 2789 757 2838 orat.
772 2783 827 2837 Ata.
843 2782 884 2837 ed.
901 2779 1015 2835 llobson.
1035 2777 1077 2831 IV.
1091 2795 1120 2851 p.

160 2863 315 2936 v-xvt.)‚
330 2863 471 2937 Emperius
489 2863 608 2938 (opuscc.
623 2882 650 2938 p.
666 2871 716 2925 279
734 2882 792 2938 sqq.
808 2873 836 2920 et
856 2863 930 2936 316),
940 2861 1121 2924 ,lleutznerus

162 2947 223 3020 (act.
241 2949 335 3005 societ.
348 2939 463 3004 Graecae
477 2949 506 3003 ll.
521 2966 548 3021 p.
561 2955 594 3008 99
607 2947 692 3021 sqq),
707 2947 754 3005 Ed.
768 2947 903 3004 Jeniclius
918 2945 1075 3020 (ohservatt.
1091 2946 1121 3002 in

160 3032 265 3088 lsaeum
284 3032 357 3108 lips.
382 3027 475 3106 1838),
499 3032 528 3086 G.
549 3033 580 3088 A.
597 3032 765 3105 Hirschigius
788 3030 895 3103 (Philol.
913 3028 965 3085 vol.
981 3029 1009 3093 V,
1026 3037 1121 3102 pann

161 3115 229 3189 sq.):
247 3133 350 3188 paucos
370 3114 447 3171 locos
462 3115 589 3172 sollerter
606 3124 642 3172 et·
650 3115 786 3178 alacriter,
806 3116 847 3171 uti
863 3114 948 3177 solet,
964 3113 1055 3186 attigit
1068 3113 1120 3170 Co·

160 3199 241 3256 hetus
263 3199 305 3257 vel
325 3200 353 3255 iu
373 3198 452 3256 variis
471 3199 513 3255 vel
527 3201 556 3256 in
571 3199 648 3256 novis
663 3199 849 3267 lectionibus„
868 3197 1013 3256 Pervellcm
1028 3205 1118 3254 tamen

158 3281 273 3340 Batavus
289 3283 524 3356 ingeniosissimus
539 3285 638 3358 quique
650 3291 758 3358 praeter
773 3292 881 3340 ceteros
902 3283 1018 3340 emineat
1034 3269 1119 3338 vAttici
1136 3351 1139 3360 Ι

160 3369 295 3425 sermonis
325 3376 449 3424 accurata
470 3369 626 3442 etcopiose
653 3368 764 3424 scientia
782 3368 918 3441 cognitam
935 3367 1048 3423 haberet
1072 3374 1119 3423 aut

160 3467 331 3526 cognoscere
349 3451 430 3508 vellet
446 3452 546 3508 Baiteri
556 3451 720 3526 Sauppiique
736 3451 960 3525 elegantissimam
980 3458 1119 3507 oratorum

158 3535 312 3608 Atticorum
332 3537 489 3600 editionem,
512 3554 545 3594 ne
567 3553 636 3610 quae
656 3537 709 3594 iam
723 3537 830 3593 inventa
848 3545 939 3593 essent
954 3542 1118 3611 receptaque
