2510 3948
181 300 243 362 150
533 305 788 363 ΑΙΣΧΙΝΟῬ

181 459 264 529 ἀλλά
275 465 402 550 Καλλίᾳ
414 462 553 530 διδόναι.
577 461 628 530 ότι
640 461 670 530 δ’
685 460 797 549 ἀληθῆ
808 466 909 549 λέγω,
929 462 1068 550 ἀφελῶν
1081 478 1151 535 τόν

181 560 313 644 κόμπον
326 561 381 628 καί
391 558 449 641 τάς
460 560 603 648 τριήρεις
614 564 669 628 καί
680 559 742 647 τήν
753 559 948 641 ἀλαζονείαν
960 560 1148 646 ἀνάγνωθι

180 657 235 724 καὶ
247 664 307 726 τοῦ
319 661 501 745 κλέμματος
512 657 610 745 ἀψαι,
634 656 655 726 ὅ
666 656 818 745 ὑφείλετο
830 657 847 727 ὁ
858 660 978 745 μιαρός
990 663 1047 728 καὶ
1057 658 1149 729 ἀνό-

181 774 251 833 σιος
262 753 453 844 ἅνθρωπος,
466 755 507 824 όν
518 776 601 843 φησι
610 765 792 844 Κτησιφῶν
803 759 857 825 καὶ
868 761 904 823 ἐν
914 761 1002 846 τῶδε
1012 766 1062 848 τῷ
1075 772 1146 844 φη-

181 864 319 941 φίσματι
340 861 501 926 διατελεῖν
519 860 658 942 λέγοντα
674 860 730 924 καλ
747 857 937 942 πράττοντα
956 856 999 925 τὰ
1019 856 1145 939 ἄριστα

181 962 229 1043 τῷ
241 955 333 1044 δήμῳ
345 963 412 1022 τῶν
421 955 616 1042 Ἀθηναίων.

545 1061 778 1124 ΨΗΦΙΣΜΑ.

267 1149 405 1220 Οὐκοῦν
419 1150 478 1232 τάς
493 1154 556 1240 μὲν
571 1153 715 1240 τριήρεις
725 1155 781 1222 καί
790 1152 854 1240 τήν
863 1151 964 1242 πεζήν
977 1153 1143 1238 στρατιάν
1160 1168 1205 1219 102

180 1252 236 1320 καὶ
251 1249 314 1338 τήν
330 1255 539 1340 πανσέληνον
557 1256 613 1320 καί
628 1251 706 1332 τους
724 1255 906 1337 συνέδρους
923 1252 1013 1342 λόγῳ
1028 1251 1143 1339 η’κού-

181 1371 276 1434 σατε,
297 1351 355 1430 τὰς
373 1351 409 1420 δὲ
426 1353 596 1431 συντάξεις
613 1360 682 1419 τῶν
702 1353 901 1438 συμμάχων,
924 1349 965 1418 τά
984 1354 1060 1419 δέκα
1071 1352 1137 1418 τά-

180 1456 301 1534 λαντα,
314 1453 399 1538 έρμφ
411 1446 609 1517 ἀπωλέσατε.

259 1542 457 1614 ’Τπόλοιπον
481 1549 519 1614 δέ
538 1574 594 1633 μοι
611 1549 701 1616 ἐστὶν
717 1553 836 1632 εἰπεῖν,
859 1545 910 1614 ότι
930 1544 1044 1632 λοβῶν
1061 1552 1139 1629 τρία
1154 1553 1198 1606 103

178 1647 324 1715 τάλαντα
341 1645 467 1732 μισθόν
487 1647 550 1734 τήν
570 1649 708 1734 χνοίμήν
728 1647 855 1735 ταύτην
874 1651 996 1731 ἔγραψε
1016 1655 1139 1731 Δημο-

180 1746 314 1831 σθένης,
325 1743 490 1813 τάλαντον
501 1747 562 1833 μέν
572 1751 607 1815 ἐκ
620 1751 783 1838 Χαλκίδος
793 1745 883 1831 παρά
895 1751 1062 1832 Καλλίου,
1074 1745 1137 1812 τοί-
1246 1813 1247 1818 ,

179 1853 301 1912 λαντον
310 1841 343 1911 δ’
357 1847 389 1924 ἐξ
398 1841 560 1929 Ἐρετρίας
569 1844 657 1929 παρὰ
667 1845 871 1929 Κλείταρχον
880 1851 942 1911 τοῦ
949 1843 1133 1928 τυράννου,

177 1944 342 2011 τάλαντον
359 1945 395 2010 δὲ
412 1945 444 2023 έξ
457 1941 590 2031 Ὠρεοῦ,
610 1941 658 2032 ,δι’
679 1941 699 2010 ό
715 1945 770 2010 καὶ
786 1939 978 2028 καταφανής
990 1944 1130 2026 ἐγένετο,

111 2058 162 2114 495
179 2046 502 2129 δημοκρατουμένων
518 2050 586 2109 τῶν
602 2040 757 2124 Ὠρειτῶν
773 2042 829 2107 καί
846 2040 955 2107 πόντοι
965 2038 1130 2126 πραττόν-

177 2166 245 2207 των
264 2139 345 2225 μετά
364 2148 584 2228 ψηφίσματος.
609 2143 849 2227 ἐξανηλωμένοι
865 2137 929 2226 μάρ
946 2142 985 2206 έν
1004 2143 1050 2224 τῷ
1068 2160 1130 2202 πο-

177 2240 265 2327 λέμφ
294 2239 351 2304 καί
378 2247 548 2316 παντελῶς
576 2238 709 2323 ἀπόρως
734 2243 935 2324 διακείμενοι
963 2238 1132 2321 πέμπουσι

177 2332 262 2421 πρός
272 2331 377 2404 αὐτὸν
388 2340 607 2423 Γνωσίδημον
620 2335 680 2404 τόν
691 2339 896 2425 Χαριγένους
907 2336 983 2404 νίόν
994 2341 1056 2403 τοῦ
1067 2333 1130 2400 δυ-

177 2432 423 2513 ναστεύσαντός
440 2457 519 2502 ποτε
537 2438 574 2503 ἐν
592 2431 714 2522 Ὠρεῷ,
738 2435 941 2521 δεησόμενον
962 2430 1068 2499 αὐτοῦ
1087 2429 1125 2500 τό

176 2536 237 2620 μὲν
245 2534 410 2602 τάλαντον
420 2531 553 2620 ἀφεῖναι
561 2542 601 2622 τή
609 2533 714 2617 πόλει,
727 2528 1049 2618 έπαγχελλόμενονδ
1065 2529 1127 2598 αὐ-

176 2639 224 2724 τῷ
234 2637 360 2718 χαλκῆν
372 2632 485 2699 εἰκόνα
494 2631 724 2717 σταθήσεσθαι
734 2634 772 2699 ἐν
782 2628 893 2720 Ὠρεῷ.
912 2627 979 2698 ὁδέ
989 2626 1133 2715 ἀπεκρίν
1144 2643 1189 2697 104

175 2756 255 2797 νατο
284 2757 329 2796 τιι
352 2731 573 2819 Γνωσιδήμῳ,
604 2729 654 2797 ὅτι
683 2733 853 2816 ἐλαχίστου
876 2734 1002 2814 χαλκοῦ
1024 2724 1126 2794 οὐδὲν

106 2847 157 2904 496
174 2833 297 2914 δέοιτο,
318 2827 356 2895 τό
375 2829 411 2896 δὲ
426 2829 590 2898 τάλαντον
607 2829 661 2896 διὰ
677 2837 738 2897 τοῦ
748 2835 897 2897 Καλλίου
909 2827 1122 2912 εἰσπράττειν.

173 2924 435 3014 ἀναρπαζόμενοι
463 2929 499 2995 δὲ
522 2933 557 2994 οί
578 2926 719 3012 Ὠρεῖται
741 2929 795 2996 καλ
818 2926 880 2995 οὐκ
902 2925 1121 3008 εὐποροῦντες

172 3025 345 3095 ὑπέθεσαν
364 3023 454 3115 αὐτῷ
471 3033 534 3093 τοῦ
554 3027 720 3094 ταλάντου
740 3024 798 3105 τὰς
820 3029 978 3112 δημοσίας
998 3020 1121 3104 προσό-

172 3128 268 3212 δονς,
288 3126 344 3193 καί
361 3125 461 3194 τόκον
477 3124 625 3212 ἤνεγκαν
635 3128 848 3214 Δημοσθένει
859 3131 919 3193 τοῦ
932 3118 1121 3209 δωροδοκή-

102 3243 154 3298 497
171 3248 273 3310 ματος
285 3222 435 3310 δραχμήν
452 3231 514 3290 τοῦ
523 3222 628 3309 μηνός
637 3231 695 3311 τῆς
705 3231 804 3310 μνᾶς,
817 3225 878 3302 έως
889 3221 925 3290 τὸ
938 3221 1119 3308 κεφάλαιον

171 3321 349 3392 ἀπέδοσαν.
372 3325 427 3391 καὶ
450 3319 549 3391 πάντ’
567 3323 717 3409 έπράχθη
735 3320 816 3408 μετὰ
833 3327 1042 3408 ψηφίσματος
1060 3325 1117 3386 τοῦ
1135 3339 1180 3392 105

170 3423 286 3506 δήμου.
309 3421 361 3489 ότι
372 3422 408 3490 δὲ
419 3421 550 3510 τάληθῆ
560 3426 661 3509 λέγω,
685 3427 767 3509 λαβέ
775 3449 831 3508 μοι
842 3420 878 3489 τὸ
891 3421 1045 3508 ψήφισμα
1055 3425 1119 3487 τῶν

168 3523 329 3599 Ὠρειτῶν.
