2442 3948
40 265 66 313 p.
86 245 133 300 48.
208 247 298 297 ΠΕΡΙ
314 244 391 297 ΤΟΤ
407 242 669 298 ΝΙΚΟΣΤΡΔΤΟΤ
687 243 849 296 ΚΑΙ-ΙΡΟΤ.
968 251 1008 311 55

42 444 96 498 τες
114 412 384 506 ὁμολογουμένως
396 413 610 509 Νικοστράτῳ
623 415 799 505 ἐπιτήδειοι
809 413 902 496 ὄντες
916 417 1009 504 ίτόγ-

44 546 166 607 χανον,
191 513 227 586 τό
249 517 310 607 μὲν
330 513 463 607 ἀκριβὲς
485 511 562 586 οὐδ’
586 511 628 586 ἀν
644 513 764 605 οὕτως,
787 513 874 605 ὅμως
897 519 1011 606 μέντοι

43 623 171 706 μάλλον
194 614 281 698 είκός
302 607 346 705 ήν
368 613 505 705 ἀληθεῖς
524 615 608 686 είναι
628 616 737 700 δόξειν
752 613 810 696 τάς
829 615 1007 704 διαθήκας·

42 717 107 806 ἤδη
138 715 204 809 γάρ
230 745 316 797 τινες
341 713 403 787 οάκ
429 707 470 786 εά
496 723 695 806 διακείμενοι
720 732 789 797 τοῖς
814 719 1010 805 συγγενέσιν

41 815 201 898 ὀθνείους
219 825 338 907 φίλους
354 821 422 887 των
438 815 528 887 πάνυ
540 816 671 906 σφόδρα
682 815 916 907 προσηκόντων
932 818 1009 906 περὶ

43 927 197 999 πλείονος
230 915 437 1005 ἐποιήσαντο·
468 921 533 988 νῦν
560 918 597 987 δὲ
621 915 698 990 οὔτε
724 924 901 998 συσσίτους
932 914 1010 988 οότε

42 1026 164 1107 φίλους
185 1015 258 1088 οὔτ’
283 1021 319 1087 ίν
339 1016 427 1100 τάξει
443 1021 486 1107 τῇ
502 1013 594 1106 αὕτη.
629 1016 756 1088 τούτων
780 1014 813 1087 δ’
830 1014 913 1107 ὑμῖν
929 1015 1010 1108 μάρ-

42 1146 147 1208 τυρας
178 1114 334 1188 ἀπάντων
358 1116 602 1208 παρεσχήμεθα.
647 1113 666 1187 δ
693 1119 731 1187 δὲ
755 1120 927 1209 μέγιστον,
953 1120 1009 1188 καὶ
1026 1140 1062 1194 10

43 1217 190 1308 μάλιστα
201 1221 260 1306 τῇς
271 1216 442 1309 Χαρμίδου
455 1215 624 1298 ἀναιδείας
635 1234 893 1309 καταμαρτυρεῖ,
912 1221 1008 1290 τοῦτο

42 1322 225 1401 σκέψασθε.
278 1315 362 1388 ὅπου
386 1315 449 1409 γάρ
474 1317 532 1389 τόν
558 1314 659 1389 αὑτὸν
683 1318 906 1408 ποιησάμενον
935 1315 1006 1388 οὔτ’

43 1414 260 1490 ἀποθανόντα
285 1415 433 1488 ἀνείλετο
458 1415 529 1489 οὔτ’
557 1427 697 1489 ἔκαυσεν
723 1416 800 1490 οὔτε
826 1415 1009 1507 ἀστολόγη·

43 1539 117 1607 σεν,
136 1514 222 1588 ἀλλά
238 1516 344 1588 πάντα
355 1520 538 1608 τοῖςμηδὲν
555 1518 756 1610 προσήκουσι
773 1523 900 1609 παρῆκε
916 1522 1008 1606 ποιή-

43 1640 113 1706 σαι,
144 1623 215 1699 παῖς
240 1615 302 1688 οόκ
327 1613 369 1688 ἀν
381 1615 603 1700 ’ἀνοσιώτατος
630 1631 697 1709 είη,
724 1617 760 1702 δς
785 1624 833 1714 τῷ
849 1620 1009 1691 τεθυεοῖτι

43 1721 151 1807 μηδὲν
173 1722 240 1788 των
262 1722 481 1808 νομιζομένων
503 1718 641 1807 ποιήσας
663 1723 730 1791 των
753 1720 927 1812 χρημάτων
950 1717 1008 1790 αό-

43 1823 102 1888 τοά
125 1827 344 1909 κληρονομεῖν
366 1816 466 1905 ἀξιοῖ;
490 1816 573 1889 ἀλλά
594 1817 636 1907 νὴ
660 1829 728 1892 Δία
751 1819 866 1908 ἐπειδὴ
882 1819 1009 1891 τούτων
1025 1841 1060 1894 20

44 1915 147 1989 οὐδὲν
172 1923 320 2007 ἐποίησε,
344 1918 406 2008 τὴν
428 1917 546 1990 οὐσίαν
569 1923 628 1990 τοῦ
645 1919 873 2011 Νικοστράτου
892 1926 1008 2008 διεχεί·

45 2041 156 2106 ρισευ;
188 2015 271 2088 ἀλλά
298 2023 353 2088 καὶ
376 2024 480 2091 ταάτα
502 2018 746 2114 μεμαρτύρηται
768 2016 867 2110 ἀμῖν,
891 2023 947 2090 καὶ
969 2016 1009 2088 τά

45 2129 183 2188 πλεῖστα
208 2116 284 2189 οὐδ’
313 2116 411 2200 αάτός
436 2117 592 2211 ἀρνεῖται.
633 2118 813 2212 προφάσεις
840 2121 877 2190 δὲ
899 2131 1008 2210 οίομαι

46 2214 226 2308 ἀναγκαίας
253 2216 306 2308 ἐφ’
332 2218 482 2301 ἑκάσταις
506 2224 574 2298 τάν
597 2220 747 2309 πράξεων
773 2217 950 2313 εὑρῆσθαι·
976 2227 1011 2290 τί

46 2316 105 2410 γάρ
121 2314 338 2390 ὑπολείπεται
355 2322 402 2413 τῷ
420 2319 603 2412 διαρρήδην
620 2317 851 2412 ὁμολογοῦντα

116 2423 246 2508 Σαφῶς
270 2422 332 2509 μὲν
357 2411 419 2490 οάν
445 2431 530 2511 ίστε,
558 2413 586 2490 ἀ
611 2419 747 2513 ἀνδρες,
774 2420 824 2492 ότι
849 2412 940 2492 οάτοι
966 2417 1006 2490 οά
1025 2449 1059 2502 21

47 2523 182 2600 δικαίως
204 2524 271 2590 τάν
288 2520 515 2611 Νικοστράτου
538 2526 702 2612 ἐφίενται,
724 2518 807 2592 ἀλλά
829 2519 1006 2609 βούλονται

48 2619 103 2704 μὲν
124 2615 213 2708 ἀμάς
236 2624 449 2710 ἐξαπατῆσαι,
478 2625 630 2692 τουτουσὶ
656 2623 693 2692 δὲ
716 2637 887 2709 συγγενεῖς
910 2618 1008 2699 όντας

49 2721 192 2808 ἐκείνου,
212 2716 283 2790 ἀοί
297 2721 391 2810 νόμοι
409 2728 529 2792 ἔδοσαν
547 2719 675 2810 αὐτοῖς,
700 2719 943 2810 ἀποστερῆσαιἸ
967 2715 1007 2788 οά

49 2817 147 2904 μόνον
166 2821 207 2907 δὲ
221 2820 389 2912 Χαριάδης
406 2825 501 2893 τοάτο
523 2830 718 2911 πεποίηκεν,
743 2817 826 2899 ἀλλά
842 2823 898 2891 καὶ
915 2818 1009 2890 ἀλλοι

49 2917 233 3008 πολλοὶήδη
249 2925 316 2994 τάν
334 2925 369 2992 ίν
385 2926 427 3012 τῇ
442 2918 604 3017 ὑπερορίᾳ
620 2919 909 3011 ἀποθνησκόντων
925 2917 1010 2992 οὐδὲ

49 3020 283 3107 γιγνώσκοντες
296 3027 471 3113 ἐνίονςτῆς
488 3021 603 3106 οάσίας
619 3021 889 3118 ἠμφισβήτησαν·
911 3027 1009 3093 ἐνθν·
1027 3039 1061 3090 22

52 3127 185 3206 μοάνται
201 3121 263 3214 γάρ
280 3121 329 3194 ότι
347 3123 577 3215 κατορθώσασι
599 3126 661 3214 μὲν
676 3121 717 3194 τά
738 3120 892 3214 ἀλλότρια
911 3130 1009 3212 ἔχειν,

54 3225 263 3314 διαμαρτούσι
281 3226 318 3294 δὲ
335 3223 448 3316 μικρός
465 3221 484 3294 ὁ
500 3231 672 3305 κίνδυνος·
694 3240 874 3315 μαρτυρεῖν
899 3224 936 3293 δὲ
953 3224 1008 3291 καὶ

52 3319 88 3390 τά
107 3329 216 3411 ψευδῆ
237 3353 325 3406 τινες
349 3327 537 3414 ἐθέλουσιν,
566 3331 601 3395 οί
623 3320 653 3393 δ’
678 3331 803 3413 ἔλεγχοι
826 3325 902 3413 περὶ
924 3317 1009 3411 ἀφα-

53 3426 124 3494 νων.
160 3424 333 3496 συνελόντι
345 3422 430 3496 πολά
447 3422 483 3494 τό
503 3428 662 3515 διαφέρον
679 3421 761 3494 κατά
777 3427 872 3511 γένος
889 3417 910 3510 ή
928 3419 1010 3492 κατά

55 3521 143 3595 δόσιν
164 3522 391 3616 ἀμφισβητεῖν.
428 3522 500 3596 ἀλλ’
520 3521 605 3615 ἀμάς
621 3523 700 3615 χρή,
727 3514 754 3593 ἀ
771 3520 902 3612 ἀνδρες,
922 3527 1011 3614 πρω-

535 3606 540 3632 λ
