2450 3950
45 253 96 319 ρ.7
84 251 118 303 79.
192 253 283 306 ΠΕΡΙ
299 253 375 306 ΤΟΤ
392 252 625 306 ΑΡΙΣΤΔΡΧΟΤ
642 252 807 304 ΚΛΗΡΟΤ.
916 257 976 320 127

76 418 128 476 τάν
149 419 200 480 τοῦ
224 413 353 518 άδελφμῦ
374 411 527 520 γινόμενος
552 418 699 519 παίδων,
709 416 850 480 ἐκδέδωκε
871 421 977 500 Κορω-

76 501 136 584 νίδη
155 524 194 586 τιμ
183 497 362 585 ἒκποιήτμ
383 503 441 586 υλρῐ
459 494 650 604 Ἀριστάρχου
668 494 723 581 τήν
738 499 923 606 θνγατέραέ
922 526 976 564 αν-

75 587 132 658 τοῦ,
155 561 403 691 ἐπαγγειλάμενος·
412 587 602 668 περιποιῆσαι
615 580 697 672 αιἰτοῖ
718 578 770 647 τὸν
786 581 978 686 Ἀριστάρχου

46 673 105 728 ιτκλ
107 671 184 750 ήρον.
221 669 238 734 ὃ
264 667 300 749 δὴ
327 669 378 730 καὶ
407 670 563 748 πεποίηκε·
589 647 748 751 γευομένου
757 662 827 770 γάρ
845 670 913 730 υἱοῦ
933 673 976 754 τῷ

75 755 223 853 Κυρμνίδη
242 756 360 860 πρῶτον
381 749 471 832 μ7ν”
454 776 594 856 ονομα
565 775 605 814 τω
597 745 763 816 τταιδέ
733 776 765 815 το
788 755 841 816 τοῦ
855 749 978 816 πάππου

75 817 242 936 δεδράκασιν,
260 831 484 942 Ἀρίσταρχρν’
470 816 682 942 ονομάσαντες,
710 834 772 900 εἶτα
792 839 980 917 εἰσεποίησαν

75 912 156 981 αὐτὸν
175 917 268 998 εἰς
236 946 290 985 τον
311 925 364 984 τοῦ
384 917 508 984 πάππου
527 915 654 984 οἷκον
635 947 675 996 ως
697 916 839 1001 δήτοῦτο
861 921 924 984 έκεί
910 924 980 1024 ίνρυ

75 1001 292 1110 μροστάξαντος,
313 1006 363 1068 καλ
380 1007 586 1090 παραδέδωκεν
603 1001 739 1089 Ἀριστομ
740 999 862 1107 ένης’
825 1009 908 1093 αυτηῖ
923 1000 977 1070 τὸν

44 1103 64 1141 ιο
77 1080 134 1148 ὅλον
149 1093 200 1153 τοῦ
221 1089 346 1154 πάππου
367 1095 486 1192 κληρρν.
531 1091 573 1154 ἔτι
596 1090 627 1154 δὲ
647 1098 717 1166 παῖς
738 1082 779 1152 6v
801 1089 911 1166 ἐκεῖνος
931 1114 977 1154 τε-

80 1175 172 1235 λωτῶν
186 1170 372 1258 κληρονόμον
389 1200 465 1238 κατα
451 1167 630 1278 διαθήκας
645 1169 861 1255 ένεστήσατο
830 1199 882 1237 τον
897 1177 978 1238 ἴδιον

77 1244 187 1336 εἰδελφὸν
202 1259 295 1328 Ξεναί
292 1282 385 1322 νετον.
415 1255 526 1363 τράτων
544 1282 621 1322 ουτω
634 1259 813 1343 γενομένων,
837 1259 887 1321 καὶ
905 1282 977 1362 κρρ-

76 1341 181 1417 τοῦντος
207 1343 385 1413 Ξεναινέτου
412 1339 467 1449 τήν
483 1335 674 1450 Ἀριρτάρχου
694 1347 749 1406 τοῦ
775 1346 904 1406 παλαιοῦ
923 1365 977 1406 ου-

74 1423 145 1518 σλαν,
168 1420 358 1528 άμφισβητει
382 1425 455 1510 πρὸς
488 1421 578 1491 αυτόν
606 1425 622 1491 6
647 1421 714 1504 υίὸς
745 1431 800 1507 τής
809 1422 978 1530 θυγατρὸς

45 1494 248 1649 66616166606
275 1516 329 1574 τοῦ
349 1515 494 1589 παλαιοῦ,
529 1515 620 1614 λέγων
647 1505 751 1576 ἕαυτόυ
778 1508 871 1593 μάνου
898 1507 981 1574 εἶναι

76 1595 242 1701 κληρονόμρν
264 1597 442 1698 δικαίρς
403 1621 461 1659 των
477 1591 667 1680 Ἀριστάρχου
687 1600 740 1660 τοῦ
760 1601 889 1659 παλαιου
904 1619 974 1678 χρη-

77 1670 170 1749 μάτων.
211 1705 228 1745 ο
217 1674 361 1766 ’μέν
325 1705 427 1786 γαρ
405 1685 527 1761 Κυρωνέ
525 1682 578 1760 δης
599 1682 737 1785 (φησίν)
673 1680 826 1744 ίίέκπο
812 1682 893 1760 ίητος
899 1679 974 1781 ἐγέ-

76 1779 144 1821 νετο·
168 1757 184 1827 6
209 1766 242 1830 δὲ
264 1789 360 1868 πατηρ
382 1758 448 1827 υλὸν
472 1765 547 1846 ἔχων
565 1765 687 1865 γνήσιον
708 1760 760 1828 τὸν
784 1759 975 1866 Δημοχάρην,

77 1836 122 1904 οὐκ
141 1844 259 1915 έδάνατο
280 1844 370 1912 θετδν
392 1848 488 1932 ἐαυτῷ
506 1852 628 1953 πριήσαι
650 1851 754 1911 παῖδα·
781 1841 797 1910 6
821 1849 853 1911 δὲ
873 1853 976 1928 Δημο-

47 1924 162 2008 7ἇχρης
182 1929 287 2038 άτελής
312 1926 353 1997 άν
382 1912 474 1996 οὐδὲ
479 1956 567 2040 αυτρς
593 1928 716 1996 έδάνατο
743 1934 918 2035 εἰσποιήσαι
932 1933 977 2031 τῷ

78 2013 151 2109 77797
169 2014 259 2082 θετόυ
279 2015 364 2081 υἱόν·
390 2010 472 2081 ἄλλ’
484 2012 548 2080 οὐδ’
578 2009 704 2120 ήάλλη
720 2013 857 2117 θυγάτηρ
881 2009 975 2078 αὖτοῦ

77 2085 363 2192 7προτελευτήσασα.
406 2097 477 2165 ὥστε
505 2096 542 2164 06
569 2095 644 2164 κατά
674 2095 726 2163 τδν
753 2098 845 2204 νόμον
871 2101 979 2202 (φησί)

77 2179 120 2254 777
136 2183 321 2290 εἰσποιήσεως
339 2187 523 2291 γενομένης
518 2189 571 2250 τοῦ
589 2209 697 2267 μικρου
684 2179 908 2291 Ἀριστάρχου,
923 2177 973 2248 06-

80 2261 129 2324 κέτι
138 2264 321 2336 συνίστατο
303 2297 323 2351 η
340 2266 472 2376 διαθήκη
486 2266 593 2349 αὐτοῦ,
616 2293 668 2334 του
657 2265 774 2335 νέου’
770 2267 972 2354 Αριστάρχου·

48 2335 552 2543 ”66666666‘666662'6663
567 2320 979 2542 άῗέήλῖῗιῖιᾚὲ7ἴῖήῗ

78 2533 118 2588 777
78 2519 221 2595 777
191 2549 245 2588 τον
265 2517 436 2628 λέγρντα
406 2546 458 2586 τον
474 2521 566 2625 λογον
584 2522 599 2584 έ
599 2523 718 2604 φέρετο,
740 2515 809 2585 υἱὸν
829 2519 902 2583 ὅντα
922 2523 978 2599 τῆς

78 2606 181 2701 7777777
196 2603 349 2713 θυγατρὸς
364 2602 555 2710 Ἀριστάρχου
574 2629 627 2668 του
613 2609 778 2706 παλαιοῦ.
811 2600 902 2666 Kaz‘
886 2628 907 2684 η
921 2605 976 2685 μέν

77 2670 147 2748 ὖπόθ
147 2707 202 2790 εμις
219 2689 314 2772 αὕτη,
333 2715 353 2794 η
374 2687 474 2794 στάσις
489 2689 520 2753 δὲ
538 2711 725 2794 πραγματικη
714 2681 899 2790 ἔγγραφος·
924 2690 973 2767 ζη-

49 2771 114 2824 7777
132 2795 183 2856 γαρ
209 2779 237 2840 εἰ
257 2780 306 2840 δει
319 2801 370 2852 τας
388 2769 524 2850 τοιαάτας
545 2769 719 2836 συνεστάναι
742 2768 899 2851 διαθήκας,
922 2772 974 2834 και

78 2848 112 2922 777
130 2855 290 2944 δικαιότερα
308 2863 394 2944 λέγει.

70 3017 290 3133 Ἐβουλόμην
318 3025 451 3127 μέν,
424 3065 451 3105 ω
479 3032 615 3127 άνδρες,
646 3030 756 3126 ὥσπερ
779 3039 866 3113 Ξενα
868 3041 975 3157 ίνετορ

50 3107 136 3194 017τοσ7
152 3134 284 3209 δύναται
302 3141 414 3225 ψευδῆ
429 3138 538 3261 λέγειγ
554 3131 822 3227 θαρραλέως,”
781 3161 867 3204 ουτω
885 3130 979 3220 κάγω

50 3208 150 3316 7777θῆ
164 3237 242 3328 πρὸς
258 3235 345 3328 ὑμας
316 3239 433 3362 περὶ
451 3227 780 3326 ωνάμφισβητοάμεν
793 3241 899 3304 εἰπεῖν
917 3239 974 3301 δυ-

52 3329 100 3397 ν77
101 3327 179 3409 7777
203 3337 355 3429 οἶμαι
315 3367 378 3428 γαρ
396 3333 438 3408 ἂν
454 3333 536 3461 μμϊν
554 3333 680 3418 εάθέως
699 3339 801 3423 δήλου
818 3334 976 3457 γεγέσθαι

52 3414 131 3482 77
116 3450 199 3518 7777
215 3437 339 3521 ἀδίκως
358 3437 461 3509 ἐπὶ
428 3467 487 3510 τον
484 3434 776 3562 κλήρονήκομεν,
797 3431 865 3504 εἴθ’
884 3422 975 3505 οὗτοι

52 3508 314 3625 7777θσηκόντως
338 3538 439 3610 πάλαι
456 3537 496 3610 τά
512 3536 661 3631 χρήματα
683 3539 786 3607 ταῦτα
810 3533 975 3626 εἰλήφασι
