2510 3948
174 276 236 340 142
519 274 775 336 ΑΙΣΧΙΝΟΤ

175 438 319 526 βλέατον
332 433 496 520 σύνεδρος
506 430 570 502 ούκ
581 433 742 520 έκύθητο·
754 431 885 518 μρόύας
896 433 934 504 δέ
944 432 1134 514 τούςσννε-

176 533 357 617 δρεύουτας
373 527 517 618 ὀμνύναι
533 531 594 600 τόν
612 533 870 618 Κερσοβλέπτην
885 529 929 600 ού
947 531 1132 616 συνεδρεύ·

174 656 253 701 οντα
270 634 425 721 έξέκλησε
448 637 516 700 τεόν
533 627 655 717 ὅρκων.
678 627 730 700 ότι
746 626 781 697 δ’
798 627 911 719 ἇληδὴ
921 633 1028 717 λέγω,
1048 628 1130 697 δνό-
1145 632 1176 688 75

173 738 287 818 μναδί
294 758 367 818 μοι,
389 735 438 810 τίς
447 721 638 818 ἡνὸταύτα
648 730 779 816 roim
787 733 843 800 καλ
852 726 1051 808 τίςὸταύτα
1061 731 1133 798 ἐπι-

173 836 321 917 ψηφίσας
334 826 505 915 πρόεδρος.

397 931 631 995 ΨΗΦΙΣΜΑ.
652 933 904 996 ΠΡΟΕΔΡΟΣ.

244 1022 385 1116 Καλὸν,
398 1016 614 1111 ύἈθηναλοι,
626 1020 760 1110 καλόνὴ
768 1031 837 1094 τῶν
846 1028 1018 1111 δημοσίων
1025 1051 1134 1111 γραμ-

108 1139 159 1196 466
176 1125 292 1212 μα’τοιν
308 1124 459 1211 φυλακή·
481 1122 723 1212 ύιιίνητονμύρ
739 1124 880 1192 ἐστικαὶ
897 1121 941 1192 ού
962 1145 1134 1210 συμμετα-

176 1228 286 1292 πίπτει
294 1235 363 1303 τοϊς
372 1223 615 1310 αὐτομολοῦσιν
626 1224 663 1289 έν
671 1230 712 1310 τῇ
723 1227 880 1310 πολιτείᾳ,
891 1217 971 1290 ἀλλ’
981 1219 1133 1290 ἀπέδωκε

175 1329 221 1411 τῷ
234 1321 344 1411 δὴμρ,
366 1318 495 1390 ὁπόταν
505 1320 683 1408 βούληται,
705 1322 853 1388 συνιδεῖν
864 1315 943 1398 τούς
956 1319 1054 1388 πύλαι
1064 1317 1129 1402 μὲν

176 1419 360 1510 πονηρούς,
382 1423 419 1488 έκ
432 1426 615 1507 μεταβολῆς
633 1416 666 1486 δ’
678 1416 852 1498 ἀξιοῦντας
863 1415 947 1486 εἶναι
957 1415 1132 1504 χρηστούς.

256 1517 455 1588 ’Τπόλοιπον
465 1522 504 1586 δέ
511 1543 568 1604 μοι
579 1517 646 1585 ἐστὶ
662 1514 726 1604 τὴν
736 1520 914 1584 κολακείαν
925 1513 1032 1582 αὐτοῦ
1044 1517 1133 1595 διεξ-
1145 1522 1177 1580 76

176 1625 297 1685 ελδελν.
327 1614 552 1702 Δημοσθένης
566 1613 631 1701 γὰρ
649 1611 804 1682 ἐνιαυτόν
821 1613 1009 1702 βουλεύσας
1032 1611 1135 1682 ούδε-

175 1718 255 1801 μίαν
268 1711 400 1782 πύποτε
418 1726 571 1799 φανεῖται
587 1718 766 1800 πρεσβείαν
784 1718 830 1792 είς
840 1717 1023 1799 προεδρίαν
1034 1715 1135 1780 καλέ-

177 1831 252 1898 σας,
275 1808 359 1880 ἀλλὰ
378 1809 451 1880 τότε
470 1810 576 1900 μόνον
591 1815 646 1880 καλ
662 1817 797 1897 πρῶτον
808 1814 961 1899 πρέσβεις
972 1816 1135 1894 είςπροε-

110 1925 158 1982 λόλ
177 1915 277 1994 δρίαν
287 1913 421 1983 ἐκύλισε
433 1912 488 1980 καὶ
499 1910 751 1997 προσκεφάλαια
764 1915 866 1997 ἔθηκε
877 1912 933 1980 καὶ
942 1915 1134 1996 φοινικίδας

177 2013 389 2097 περιεπέτασε
405 2011 461 2079 καὶ
477 2007 546 2096 ἅμα
562 2014 603 2097 τῇ
618 2006 726 2098 ἡμέρᾳ
740 2005 851 2096 ἡρεῖτο
868 2022 937 2087 τοῖς
952 2013 1132 2095 πρέσβεσιν

177 2113 222 2185 είς
233 2106 270 2174 τὸ
289 2111 453 2193 θέατρον,
480 2106 564 2176 ύστε
582 2111 638 2176 καὶ
655 2113 870 2191 συρίττεσθαι
887 2105 1014 2195 διύτὴν
1027 2105 1134 2194 ύσχη-

176 2201 328 2289 μοσύνην
338 2205 394 2270 καὶ
403 2207 589 2270 κολακείαν.
608 2205 664 2270 καλ
674 2201 725 2272 ὅτ’
737 2201 904 2292 ἀπῄεσαν,
921 2204 1134 2290 ἐμισθώσατο

177 2297 290 2380 αύτοίς
306 2305 381 2385 τρία
399 2297 497 2385 ζεύγη
516 2295 613 2383 ὀρικὰ
630 2302 686 2368 καί
703 2299 921 2388 προύπεμψεν
938 2307 984 2382 είς
1005 2301 1135 2388 Θήβας,

177 2401 422 2484 καταγέλαστον
437 2396 500 2484 τὴν
515 2396 614 2467 πόλιν
632 2405 748 2466 ποιεῖν.
769 2402 826 2468 ἵνα
849 2395 880 2466 δ’
900 2400 952 2467 ἐπὶ
967 2407 1024 2487 τῆς
1044 2396 1137 2467 ὑπο-

175 2499 302 2576 θέσεως
313 2504 432 2585 μείνω,
454 2497 536 2584 λαβέ
544 2522 602 2583 μοι
612 2492 649 2564 τό
662 2496 817 2583 ψήφισμα
827 2495 864 2566 τὸ
876 2500 1017 2584 περὶτῆς
1028 2520 1137 2583 προε-

177 2598 278 2680 δρίος.

538 2701 771 2766 ΨΗΦΙΣΜΑ.

262 2783 371 2871 Ούτος
380 2798 507 2879 τοίνυν,
520 2787 548 2864 ό
555 2793 735 2882 Ἀθηναῖοι,
747 2790 766 2861 ὁ
777 2801 971 2879 τηλικοῦτος
982 2793 1018 2862 τό
1030 2797 1133 2880 μένε·
1148 2806 1184 2862 77

108 2901 159 2960 468
176 2899 240 2971 θος
251 2889 351 2968 κόλαξ
363 2897 493 2975 πρῶτος
503 2890 557 2960 διὰ
569 2900 637 2961 τοῖν
647 2891 868 2962 κατασκόπων
877 2900 945 2961 τόν
956 2890 1044 2977 παρὰ
1054 2899 1130 2960 Χα-

176 2987 318 3075 ριδήμου
334 2987 527 3074 πυθόμενος
542 2986 604 3076 τὴν
622 2996 790 3066 Φιλίππου
805 2987 964 3076 τελευτὴν
983 2995 1050 3058 τῶν
1067 2985 1132 3076 μέν

175 3093 268 3154 θεῶν
287 3085 483 3175 συμπλάσας
505 3087 615 3178 έαυτρδ
637 3087 798 3158 ἐνύπνιον
817 3087 1061 3172 κατεψεύσατο,
1085 3085 1132 3166 ὥς

175 3181 217 3252 ού
241 3183 330 3270 παρὰ
358 3184 553 3274 Χαριδήμου
576 3186 613 3257 τδ
640 3195 775 3276 πρᾶγμα
797 3190 1022 3274 πεπυσμένος,
1044 3182 1130 3254 ἀλλὰ

175 3285 263 3376 παρὰ
286 3293 348 3355 τού
368 3287 452 3366 Διὸς
470 3289 526 3356 καλ
544 3295 603 3375 τῆς
627 3284 787 3375 Ἀθηνᾶς,
818 3286 878 3368 οὓς
898 3284 976 3379 μεθ’
999 3284 1132 3376 ἡμέραν

175 3386 341 3468 ἐπιορκῶν
361 3385 494 3469 νύκτωρ
517 3388 621 3473 φησὶν
648 3389 753 3478 ἑαυτῷ
776 3389 987 3473 διαλέγεσθαι
1009 3381 1130 3454 καὶτὰ

174 3479 335 3546 ιιέλλοντα
353 3486 490 3550 ἔσεσθαι
507 3488 699 3572 προλέγειν,
722 3486 869 3573 ἑβδόμην
886 3482 919 3552 δ’
931 3481 1060 3572 ἡμέραν
1071 3489 1131 3570 τῆς
