2510 3948
179 258 241 322 14⁰
524 259 779 320 ΑΙΣΧΙΝΟΥ

109 424 165 482 468
180 425 238 505 τῆς
248 417 396 505 εἰρήνης,
418 416 502 487 ἀλλά
514 419 569 488 καί
580 422 763 504 συμμαχίας
774 414 860 504 ὑμᾶς
871 418 1130 506 βουλεύσασθαι,
1251 413 1253 488 ι

177 513 223 604 μή
234 521 487 602 περιμείναντας
503 518 582 594 τοὺς
593 520 745 602 πρέσβεις
754 513 832 594 τοὺς
845 513 1044 602 ὑμετέρους,
1055 511 1128 583 ἀλλ’

179 607 285 691 εάθδς
308 610 390 698 μετά
413 609 453 680 τό
469 612 637 682 Διονύσια
657 610 698 679 ’τά
714 615 752 680 έν
773 611 881 697 ἀστει,
904 621 947 700 τῇ
960 610 1061 699 ὀγδόη
1075 615 1130 680 καὶ

178 708 278 798 ἕνάτη
289 711 342 780 ἐπί
352 713 440 778 δέκα.
459 709 510 778 ότι
521 707 553 778 δ’
566 709 677 796 ἀληθή
692 711 794 795 λέγω,
812 708 980 781 ἀκούσατε
991 725 1131 798 τονψη-

179 807 362 894 φισμάτιον.
920 873 922 880 .

501 912 796 974 ΨΗΦΙΣΜΛΤΑ.

258 1001 387 1090 Ἐπειδὴ
398 1011 524 1090 τοίνυν,
537 998 751 1090 ἀἈθηναλοι,
763 1005 993 1090 παρεληλύθει
1003 1005 1046 1072 τά
1053 1014 1133 1074 Αιο·
1145 1009 1180 1065 69

178 1104 294 1186 νόσια,
321 1103 492 1187 ἐγίγνοντο
511 1104 546 1170 δὲ
563 1105 599 1170 αἱ
614 1104 799 1189 ἐκκλησίαι,
820 1105 858 1170 ἐν
874 1101 912 1170 δὲ
929 1109 971 1189 τῇ
990 1104 1132 1189 προτέρη

109 1209 161 1266 459
175 1206 244 1267 τῶν
255 1201 439 1284 ἐκκλησιῶν
456 1197 655 1286 ἀνεγνώσθη
667 1199 775 1285 δόγμα
787 1197 903 1268 κοινόν
915 1206 985 1266 τῶν
1000 1199 1134 1286 συμμό-

175 1322 262 1384 χων,
284 1287 327 1365 οό
339 1298 379 1364 τὰ
390 1296 552 1381 κεφάλαια
563 1298 617 1364 διὰ
634 1298 859 1383 βραχέωνέγό
872 1305 1012 1381 προερεῖ.
1036 1303 1131 1379 προῖ-

175 1420 236 1462 τον
253 1393 394 1481 μὲνγὰρ
411 1399 560 1480 ἔγραψαν
573 1390 656 1478 ὑπὲρ
673 1394 805 1481 είρήνης
823 1389 908 1480 ὑμᾶς
925 1395 1034 1480 μόνον
1049 1399 1131 1480 βου-

176 1493 379 1578 λεύσασθαι,
400 1490 437 1560 τό
455 1490 491 1560 δὲ
507 1499 565 1577 της
581 1498 765 1578 συμμαχίας
783 1489 890 1576 όνομα
907 1486 1132 1577 ὑπερέβησαν,

111 1598 160 1654 160
177 1588 238 1658 οὐκ
250 1592 512 1675 ἐπιλελησμένοι,
530 1587 613 1657 ἀλλά
626 1591 680 1657 καί
694 1588 756 1678 τήν
766 1589 903 1676 είρήνην
914 1585 1134 1674 ἀναγκαιοτέ-

177 1711 241 1772 ραν
257 1683 414 1772 ήκαλλίτο
431 1682 726 1776 ὑπολαμβάνοντες
739 1687 838 1757 εἶναι·
860 1693 972 1756 ἔπειτα
983 1687 1135 1774 ἀπήντη-

176 1804 241 1854 σαν
257 1782 369 1874 ὀρθῶς
387 1784 557 1873 ίασόμενοι
573 1785 611 1856 τό
635 1794 879 1874 Δημοσθένους
900 1787 1133 1873 δωροδόκημα,

177 1886 231 1953 καὶ
243 1886 481 1972 προσέγραψαν
492 1888 528 1954 έν
539 1894 586 1977 τῷ
598 1887 736 1973 δόγματι
746 1889 867 1966 ἐξεῖναι
877 1893 925 1975 τῷ
934 1889 1132 1975 βουλομένῳ
1150 1899 1181 1952 70

175 1991 244 2050 τῶν
261 1981 426 2070 Ἑλλήνων
447 1987 484 2052 έν
505 1987 590 2071 τρισί
610 1985 710 2072 μησὶν
730 1990 776 2063 είς
796 1981 858 2070 τήν
879 1981 988 2070 αὐτήν
1008 1983 1133 2070 στήλην

176 2077 434 2165 ἀναγεγράφθαι
452 2080 525 2168 μετ’
548 2080 735 2168 Ἀθηναίων
750 2084 806 2150 καί
821 2086 968 2168 μετέχειν
984 2089 1054 2151 τεόν
1070 2079 1133 2166 όρ-

175 2201 245 2243 κοιν
255 2180 392 2244 καὶτῶν
409 2187 608 2267 συνθηκῶν,
633 2181 694 2249 δύο
705 2186 840 2268 μέγιστα
850 2181 1134 2266 προκαταλαμβά-

176 2298 307 2359 νοντες,
324 2282 459 2360 πρῶτον
470 2275 532 2361 μὲν
542 2273 603 2343 τόν
612 2277 736 2362 χρόνον
747 2277 808 2346 τόν
819 2285 876 2362 τῆς
886 2277 1052 2364 τριμήνου
1062 2291 1135 2356 ταῖς

175 2379 243 2440 τῶν
252 2368 418 2459 Ἑλλήνων
426 2379 614 2461 πρεσβείαις
622 2372 907 2461 λκανδνγενέσθαι
915 2373 1135 2459 παρασκευά-

175 2475 300 2556 ξοντες,
324 2478 434 2540 ἔπειτα
454 2467 516 2558 τήν
539 2479 608 2540 τόν
622 2469 791 2560 Ἑλλήνων
815 2473 952 2542 εὔνοιαν
972 2481 1016 2562 τῇ
1035 2472 1135 2541 πόλει

173 2567 255 2657 μετὰ
268 2579 386 2640 κοινοῦ
396 2575 574 2653 συνεδρίου
585 2572 757 2660 καόμενοι,
767 2571 814 2642 ἵν’
827 2579 858 2643 εί
870 2580 1134 2662 παραβαίνοιντο

174 2670 211 2735 αἱ
219 2675 404 2757 συνθῆκαι,
426 2669 470 2758 μή
476 2669 578 2760 μόνοι
594 2669 672 2758 μηδ’
686 2669 914 2757 ἀπαράσκευοι
926 2671 1135 2759 πολεμήσαι-

174 2792 253 2852 μεν,
274 2763 371 2834 δὲνῦν
388 2765 468 2854 ήμῑυ
480 2779 602 2838 παθεῖν
613 2774 737 2859 συνέβη
749 2770 803 2840 διά
816 2772 1052 2860 Δημοσθένην.
1077 2769 1132 2838 ότι

175 2861 207 2929 δ’
225 2863 337 2949 ἀληθῆ
357 2867 458 2952 λέγω,
482 2871 515 2947 ἐξ
532 2866 639 2937 αὐτοῦ
658 2879 720 2938 τοῦ
739 2871 902 2959 δόγματος
923 2867 1131 2946 ἀκούσαντες

173 2960 378 3049 μαθήσεσθε.

413 3068 509 3130 ΔΟΓ
506 3068 577 3130 MA
596 3073 878 3138 ΣΤΜΜΑΧΩΝ.

260 3160 376 3250 Τούτῳ
386 3168 434 3251 τῷ
451 3160 590 3247 δόγματι
601 3177 771 3234 συνειπεῖν
781 3165 952 3254 ὁμολογῶ,
972 3162 1130 3234 καλπάν-
1145 3173 1190 3248 71,

171 3279 224 3336 τες
240 3259 274 3325 ολ
287 3257 325 3324 έν
341 3265 381 3345 τῇ
399 3261 541 3348 προτέρᾳ
557 3268 626 3328 τόν
643 3265 825 3350 ἐκκλησιῶν
841 3268 1127 3351 δημηγοροῦντες·
1248 3321 1249 3343 ,

171 3353 256 3423 καλό
268 3359 372 3442 δῆμος
386 3353 517 3445 ἀπῆλθε
528 3361 687 3448 τοιαύτην
698 3361 773 3431 τινὰ
785 3362 887 3444 δόξαν
899 3361 1062 3450 εἰληφώς,
1083 3359 1128 3442 ὥς

172 3455 260 3518 ἔσται
278 3455 340 3537 μὲν
356 3452 377 3542 ή
396 3457 527 3542 είρήνη,
548 3463 624 3542 περὶ
642 3460 678 3527 δέ
696 3469 881 3548 συμμαχίας
897 3457 962 3530 οὐκ
983 3461 1127 3547 ἄμεινον
1247 3519 1248 3546 ,
