2444 3946
140 226 207 276 vul
425 209 632 266 PRAEFATIO
651 209 805 268 omme

142 385 280 460 oportuit.
291 393 320 446 et
334 384 493 459 aequalibus
507 381 576 446 suis.
595 383 709 442 maxime
723 382 909 446 Demostheni.
924 381 1037 440 similem
1051 398 1096 440 re·

140 475 324 544 praesentant.
358 470 431 526 Orat.
455 467 568 538 3348
582 474 652 523 extr.
678 466 784 524 codices
805 467 844 522 tz
863 466 1006 524 secundam
1024 482 1096 540 pers

141 551 264 610 babent
256 569 285 608 ιιι
299 569 324 610 ει
339 561 479 610 exeuntem
495 543 686 649 προσποιήσει
702 549 743 622 (ut
755 551 826 614 bem.
843 550 906 609 det.
920 550 985 623 beg.
1000 549 1018 621 3
1033 545 1096 621 46)

143 653 183 692 or.
202 644 243 696 10.
260 636 326 707 318
340 638 430 695 cuncti
445 613 526 714 ήμεν.
535 634 619 691 Fere
640 635 765 692 omnibus
780 633 847 693 locis
868 634 1005 708 reperitur
1017 633 1098 690 tertia

140 736 214 794 pers.
227 721 350 811 optativi
370 738 427 777 aar.
447 721 474 776 in
489 736 529 776 ειε
542 719 683 776 desinens:
704 707 898 791 τελευτήσειεν
921 735 961 774 or.
980 721 1003 772 1
1021 717 1097 788 310.

141 791 313 877 ἐρωτήσειεν
334 822 375 861 or.
392 811 416 868 2.
433 805 518 876 323,
543 791 650 870 δόξειεν
665 820 705 860 or.
721 811 746 864 3.
764 803 844 875 311,
860 791 1038 859 πιστεύσειεν
1055 817 1098 856 or.

140 896 166 952 3.
183 887 255 959 323,
270 876 474 961 καταστήσειεν
490 904 529 944 or.
545 887 603 958 33
618 895 660 949 32,
674 873 959 960 ἆμφισβητήσειεοι
976 893 1001 948 3.
1011 885 1098 975 361,

141 961 270 1040 ἀξιώσειε
293 989 332 1028 or.
355 978 381 1032 4.
404 973 422 1044 3
446 979 493 1034 26,
513 961 704 1044 βεβαιώσειεν
726 988 765 1027 or
781 979 806 1034 6.
824 969 907 1065 323,
928 957 1099 1043 τολμήσειεν

142 1063 223 1116 or.6
246 1056 320 1147 39,
341 1048 510 1130 ἐξαίγγελειε
530 1072 570 1110 or.
584 1061 608 1116 6.
627 1055 710 1127 339,
726 1043 917 1192 εὐπορήσειεν
939 1070 979 1110 or.
995 1057 1020 1112 7.
1037 1053 1099 1124 38.

141 1125 390 1232 ἀμφισβητήσειε
391 1146 467 1199 οι.7
470 1139 576 1210 .3,36
602 1134 701 1207 δείξειε
723 1155 762 1194 or.
779 1139 834 1210 39,
851 1130 999 1206 ἐπιδείξειε
1016 1143 1099 1199 οι.8.

141 1225 231 1296 328,
252 1213 465 1300 κατορθώσειεν
486 1239 525 1280 οι.
547 1229 573 1282 8
596 1223 614 1294 3
638 1229 686 1292 37,
707 1212 868 1296 θαυμάσειε
891 1239 932 1280 or
953 1230 998 1284 10.
1021 1220 1098 1292 318.

141 1303 261 1377 δείξειεν
282 1325 323 1366 or.
345 1316 387 1369 11.
403 1309 485 1380 328,
508 1297 638 1378 ποιήσειε
664 1325 704 1364 or.
721 1316 762 1368 lt
786 1307 867 1378 346:
882 1311 1100 1380 quaternatum

140 1391 205 1450 libri
224 1409 304 1450 mser.
329 1393 357 1448 in
372 1410 403 1448 αι
421 1397 560 1450 exeuntem
574 1391 674 1448 habent
690 1391 800 1448 eandem
814 1407 973 1484 personam.
990 1404 1040 1444 nec
1056 1395 1099 1444 ta·

141 1493 204 1534 men
219 1484 251 1533 ut
266 1475 374 1532 exclusa
390 1476 426 1532 sit
439 1475 589 1532 dubitatio:
606 1492 645 1532 or.
662 1485 685 1533 l.
701 1475 719 1546 3
736 1483 771 1536 30
785 1485 954 1536 πιστενσαι,
969 1482 998 1528 at
1012 1472 1100 1530 codex

105 1559 113 1582 ⁴
140 1560 297 1617 Abobsono
309 1567 378 1616 teste
389 1556 549 1620 πιστεῦσαι,
565 1558 649 1615 binius
665 1560 756 1616 nescio
772 1575 805 1616 ιιι
820 1558 905 1616 ecod
917 1573 968 1614 suo
978 1547 1099 1614 πιστεύ-

141 1657 193 1715 ση,
208 1651 240 1700 ut
255 1643 287 1700 ab
302 1644 377 1701 Isaeo
396 1655 556 1700 πιστενσειε
570 1644 724 1716 profectum
739 1643 868 1699 videatur.
897 1641 1003 1698 Gentius
1017 1639 1102 1699 etiam

141 1735 184 1784 est
203 1727 415 1801 praeoptandam
435 1744 494 1784 esse
509 1727 624 1782 Atticam
644 1727 758 1784 formam
775 1743 815 1783 or
830 1733 854 1786 9
871 1725 951 1796 318.
967 1724 1014 1780 ubi
1030 1722 1100 1782 uat-

140 1812 222 1868 kerus
241 1812 359 1868 codicem
374 1811 537 1868 deteriorem
550 1810 568 1866 Z
580 1819 690 1868 secutus
704 1811 778 1868 dedit
795 1799 935 1881 ἐθελήσαι
948 1808 1101 1902 suffragen-

142 1894 215 1952 tibus
236 1895 386 1952 editoribus
406 1894 610 1951 'l'uriceusibusz
631 1902 658 1950 at
674 1912 734 1950 cum
749 1895 776 1950 in
796 1895 837 1950 AB
856 1895 892 1950 sit
912 1882 1077 1964 ἐθελήση,
1069 1909 1102 1948 ιιι

141 1979 239 2036 Aldina
258 1996 321 2036 vero
345 1968 491 2072 ἐθελήσει,
514 1979 573 2034 iure
588 1979 725 2051 praeferes
746 1967 903 2050 ἐθελήσειε
932 1976 1101 2050 Relinquun-

140 2070 187 2119 tur
202 2064 285 2135 igitur
303 2064 357 2121 duo
371 2062 441 2125 loci.
463 2063 492 2118 in
508 2061 606 2136 quibus
622 2062 728 2118 codices
745 2061 847 2154 nullam
861 2063 894 2120 de
910 2061 974 2116 vitio
990 2067 1102 2116 movent

140 2147 334 2240 suspitionem:
356 2163 426 2204 unus
450 2154 494 2202 est
515 2162 555 2202 or
578 2151 603 2203 4
625 2145 643 2216 3
669 2156 701 2206 14
722 2135 904 2221 ἐγχειρήσοι,
925 2145 993 2200 alter
1016 2149 1100 2204 or·.8

140 2230 158 2300 3
177 2237 223 2291 40,
248 2231 324 2286 ouius
347 2237 436 2286 tamen
457 2230 563 2302 integra
577 2229 658 2286 verba
673 2230 851 2330 subiungant.
870 2237 901 2288 ut
917 2246 978 2286 eum
995 2227 1101 2324 aliquid

138 2313 208 2369 labis
211 2313 376 2410 suscepisse
393 2313 503 2387 planum
522 2313 631 2369 faciam:
653 2308 711 2370 Καὶ
727 2333 762 2369 ια
777 2308 832 2386 μὲν
845 2295 1034 2405 γεγενημένα,
1046 2305 1100 2368 καὶ

24 2448 27 2460 ,
141 2384 218 2452 δι’
205 2415 225 2452 α
246 2413 282 2452 τα
303 2389 460 2472 πράγματα
480 2393 552 2452 ταῦτ
554 2382 707 2490 ’ἐχομεν,
728 2388 831 2488 σχεδόν
852 2417 879 2454 τι
901 2414 973 2453 ταντ
977 2381 1100 2468 ἐστίν,

141 2499 164 2536 ω
151 2458 314 2575 ανδρες·
326 2477 354 2538 εί
370 2475 401 2538 δέ
420 2469 588 2553 εἰδείητε
555 2499 610 2553 την
629 2476 788 2550 Διοκλέους
809 2471 1028 2555 αναισχνντίαν,
1046 2474 1100 2536 καὶ.

139 2559 206 2640 περὶ
231 2582 269 2620 τα
294 2552 369 2620 αλλα
390 2555 453 2634 οἷός
477 2559 572 2639 ἐστιν,
601 2554 656 2622 οὐκ
677 2585 715 2622 αν
737 2552 941 2638 ιἰπιστήσαι
963 2583 1020 2632 τις
1037 2581 1099 2620 ταν

139 2643 301 2723 εἰρημένων
324 2636 433 2707 ανδενί.
467 2650 501 2706 Et
513 2651 664 2708 sententiae
685 2652 927 2710 conformationem
948 2657 976 2706 et
988 2648 1099 2706 concin-

138 2735 251 2791 nitatem
262 2734 385 2808 flagitare
398 2734 517 2791 arbitror
527 2742 558 2790 ut
569 2736 723 2809 corrigatur
734 2722 789 2791 οὐκ
802 2753 841 2790 αν
854 2717 1096 2804 ἆπιστήσαιτ’

140 2813 227 2884 ἴσως
248 2815 306 2872 τῶν
328 2812 489 2892 εἰρημένων
509 2805 617 2874 οὐδενί.
598 2815 734 2884 ίΟιιιε
753 2837 814 2876 cum
835 2821 874 2876 ita
894 2819 961 2878 sint.
984 2834 1049 2874 num
1069 2816 1099 2874 iu

139 2910 220 2957 tanto
232 2902 417 2976 exemplorum
431 2918 543 2958 nurnero
558 2902 684 2958 credibile
699 2910 741 2959 est
752 2919 835 2958 unum
850 2904 922 2958 istuc
932 2890 1098 2976 ἐγχειρήσοι

139 2985 172 3041 ab
185 2985 261 3042 Isaeo
276 2994 418 3060 exceptum
432 3003 492 3044 esse
498 2985 587 3042 ttfihi
604 2986 711 3080 quidem
723 3003 800 3043 secus
815 3004 846 3043 ac
859 2985 923 3045 vel'
915 2985 1006 3042 mritis
1020 2983 1098 3042 libris

139 3069 309 3128 scribendum
326 3071 441 3160 potius
435 3071 542 3127 videtur
556 3060 811 3166 ἐγχειρήσειεν,-
776 3071 949 3144 -ltemque
964 3085 1025 3126 cum
1043 3075 1098 3124 ter·

138 3153 203 3210 tiam
224 3153 339 3227 pluralis
360 3141 472 3228 optativi
499 3171 555 3210 aor.
575 3171 719 3228 personam
739 3155 767 3215 iu
783 3172 847 3210 ειαν
872 3155 1038 3212 terminatam
1056 3158 1098 3208 te·

138 3246 220 3294 neant
237 3238 345 3296 codices
361 3255 401 3296 or.
416 3245 443 3300 8.
458 3239 525 3310 342
543 3231 714 3310 ἐθελήσειαν
730 3248 757 3296 et
773 3257 812 3296 or.
830 3247 872 3298 10.
890 3240 952 3311 317
962 3250 1097 3313 προσαπ-

137 3315 267 3377 ολέσειαν
296 3321 387 3396 (quam
415 3323 522 3397 quidem
546 3339 598 3396 ego
625 3324 842 3382 terminationem
875 3323 977 3419 ubique
1001 3320 1098 3395 Lysiae

136 3406 254 3471 reddidi,
283 3425 307 3463 v
327 3408 441 3482 praefat.
449 3425 493 3500 p.
519 3406 575 3479 vl),
576 3425 647 3502 pro
669 3399 887 3484 μαρτνρήσαιεν
906 3425 943 3465 αν
969 3409 997 3464 in
1018 3423 1058 3462 or.
1079 3411 1098 3468 9

136 3488 155 3560 3
179 3496 214 3552 18
234 3491 305 3548 edidi
324 3480 540 3570 μαρτυρήσειαν
561 3481 615 3565 dv,
638 3493 711 3567 quod
734 3493 852 3549 fortasse
872 3500 986 3567 propter
1006 3504 1096 3546 κακο-
