<?xml version="1.0" encoding="UTF-8"?>
<!DOCTYPE html PUBLIC "-//W3C//DTD XHTML 1.0 Transitional//EN"
    "http://www.w3.org/TR/xhtml1/DTD/xhtml1-transitional.dtd">
<html xmlns="http://www.w3.org/1999/xhtml" xml:lang="en" lang="en">
 <head>
  <title>
</title>
<meta http-equiv="Content-Type" content="text/html;charset=utf-8" />
  <meta name='ocr-system' content='tesseract 3.04.00' />
  <meta name='ocr-capabilities' content='ocr_page ocr_carea ocr_par ocr_line ocrx_word'/>
</head>
<body>
  <div class='ocr_page' id='page_1' title='image "./isaeiorationesc00isaegoog_0422.png"; bbox 0 0 2510 3948; ppageno 0'>
   <div class='ocr_carea' id='block_1_1' title="bbox 334 311 1067 376">
    <p class='ocr_par' dir='ltr' id='par_1_1' title="bbox 334 311 1067 376">
     <span class='ocr_line' id='line_1_1' title="bbox 334 311 1067 376; baseline 0.005 -4"><span class='ocrx_word' id='word_1_1' title='bbox 334 314 466 374; x_wconf 82' lang='grc' dir='ltr'><em>ΚΑΤΑ</em></span> <span class='ocrx_word' id='word_1_2' title='bbox 486 312 866 373; x_wconf 77' lang='grc' dir='ltr'><strong><em>ΚΓΗΣΙΦΩΝΤΟΣ.</em></strong></span> <span class='ocrx_word' id='word_1_3' title='bbox 1007 311 1067 376; x_wconf 87' lang='grc'><strong><em>141</em></strong></span> 
     </span>
    </p>
   </div>
   <div class='ocr_carea' id='block_1_2' title="bbox 55 469 1135 3610">
    <p class='ocr_par' dir='ltr' id='par_1_2' title="bbox 112 469 1133 1154">
     <span class='ocr_line' id='line_1_2' title="bbox 112 469 1133 564; baseline 0 -22"><span class='ocrx_word' id='word_1_4' title='bbox 112 484 168 561; x_wconf 82' lang='grc' dir='ltr'><strong><em>εἰη</em></strong></span> <span class='ocrx_word' id='word_1_5' title='bbox 180 473 234 541; x_wconf 78' lang='grc' dir='ltr'><strong><em>διὰ</em></strong></span> <span class='ocrx_word' id='word_1_6' title='bbox 245 470 309 560; x_wconf 86' lang='grc' dir='ltr'><strong><em>τήν</em></strong></span> <span class='ocrx_word' id='word_1_7' title='bbox 326 479 395 564; x_wconf 77' lang='grc' dir='ltr'><strong><em>τῶν</em></strong></span> <span class='ocrx_word' id='word_1_8' title='bbox 408 469 575 558; x_wconf 83' lang='grc' dir='ltr'><strong><em>Ἑλλήνων</em></strong></span> <span class='ocrx_word' id='word_1_9' title='bbox 586 471 793 557; x_wconf 85' lang='grc' dir='ltr'><strong><em>παράκλησιν</em></strong></span> <span class='ocrx_word' id='word_1_10' title='bbox 803 473 1068 558; x_wconf 76' lang='grc' dir='ltr'><strong><em>βουλεύσασθαι,</em></strong></span> <span class='ocrx_word' id='word_1_11' title='bbox 1083 486 1133 546; x_wconf 74' lang='lat'><strong><em>461</em></strong></span> 
     </span>
     <span class='ocr_line' id='line_1_3' title="bbox 112 566 1067 658; baseline 0 -19"><span class='ocrx_word' id='word_1_12' title='bbox 112 577 207 639; x_wconf 83' lang='grc' dir='ltr'><strong><em>ἐσται</em></strong></span> <span class='ocrx_word' id='word_1_13' title='bbox 225 571 261 638; x_wconf 73' lang='grc' dir='ltr'><strong><em>δὲ</em></strong></span> <span class='ocrx_word' id='word_1_14' title='bbox 278 577 376 658; x_wconf 82' lang='grc' dir='ltr'><strong><em>κοινῇ</em></strong></span> <span class='ocrx_word' id='word_1_15' title='bbox 392 567 473 655; x_wconf 85' lang='grc' dir='ltr'><strong><em>μετὰ</em></strong></span> <span class='ocrx_word' id='word_1_16' title='bbox 490 572 558 637; x_wconf 75' lang='grc' dir='ltr'><strong><em>’τῶν</em></strong></span> <span class='ocrx_word' id='word_1_17' title='bbox 569 566 740 656; x_wconf 80' lang='grc' dir='ltr'><strong><em>Ἑλλήνων</em></strong></span> <span class='ocrx_word' id='word_1_18' title='bbox 757 566 925 640; x_wconf 74' lang='grc' dir='ltr'><strong><em>ἁπάντων.</em></strong></span> <span class='ocrx_word' id='word_1_19' title='bbox 950 569 1013 652; x_wconf 75' lang='grc' dir='ltr'><strong><em>νὺξ</em></strong></span> <span class='ocrx_word' id='word_1_20' title='bbox 1030 576 1067 639; x_wconf 84' lang='grc' dir='ltr'><strong><em>ἐν</em></strong></span> 
     </span>
     <span class='ocr_line' id='line_1_4' title="bbox 112 661 1068 757; baseline 0.002 -21"><span class='ocrx_word' id='word_1_21' title='bbox 112 673 222 757; x_wconf 84' lang='grc' dir='ltr'><strong><em>μέσφ,</em></strong></span> <span class='ocrx_word' id='word_1_22' title='bbox 234 669 451 753; x_wconf 77' lang='grc' dir='ltr'><strong><em>καίπαρήμεν</em></strong></span> <span class='ocrx_word' id='word_1_23' title='bbox 460 675 502 753; x_wconf 76' lang='grc' dir='ltr'><strong><em>τῇ</em></strong></span> <span class='ocrx_word' id='word_1_24' title='bbox 511 661 669 755; x_wconf 74' lang='grc' dir='ltr'><strong><em>ὑστεραίᾳ</em></strong></span> <span class='ocrx_word' id='word_1_25' title='bbox 681 669 726 745; x_wconf 80' lang='grc' dir='ltr'><strong><em>εἰς</em></strong></span> <span class='ocrx_word' id='word_1_26' title='bbox 736 663 799 753; x_wconf 83' lang='grc' dir='ltr'><strong><em>τήν</em></strong></span> <span class='ocrx_word' id='word_1_27' title='bbox 809 671 993 755; x_wconf 80' lang='grc' dir='ltr'><strong><em>ἐκκλησίαν.</em></strong></span> <span class='ocrx_word' id='word_1_28' title='bbox 1011 675 1068 738; x_wconf 94' lang='grc' dir='ltr'><strong><em>ἐν-</em></strong></span> 
     </span>
     <span class='ocr_line' id='line_1_5' title="bbox 112 765 1066 854; baseline 0.004 -22"><span class='ocrx_word' id='word_1_29' title='bbox 112 774 228 835; x_wconf 74' lang='grc' dir='ltr'><strong><em>ταῦθα</em></strong></span> <span class='ocrx_word' id='word_1_30' title='bbox 249 765 290 854; x_wconf 79' lang='grc' dir='ltr'><strong><em>δὴ</em></strong></span> <span class='ocrx_word' id='word_1_31' title='bbox 311 766 642 854; x_wconf 74' lang='grc' dir='ltr'><strong><em>προκαταλαμβάνων</em></strong></span> <span class='ocrx_word' id='word_1_32' title='bbox 665 768 888 852; x_wconf 74' lang='grc' dir='ltr'><strong><em>Δημοσθένης</em></strong></span> <span class='ocrx_word' id='word_1_33' title='bbox 906 765 944 834; x_wconf 85' lang='grc' dir='ltr'><strong><em>τὸ</em></strong></span> <span class='ocrx_word' id='word_1_34' title='bbox 966 774 1066 854; x_wconf 80' lang='grc' dir='ltr'><strong><em>βῆμα,</em></strong></span> 
     </span>
     <span class='ocr_line' id='line_1_6' title="bbox 114 862 1067 951; baseline 0 -17"><span class='ocrx_word' id='word_1_35' title='bbox 114 864 231 936; x_wconf 77' lang='grc' dir='ltr'><strong><em>οὐδενὶ</em></strong></span> <span class='ocrx_word' id='word_1_36' title='bbox 247 875 316 934; x_wconf 77' lang='grc' dir='ltr'><strong><em>τάν</em></strong></span> <span class='ocrx_word' id='word_1_37' title='bbox 335 866 448 934; x_wconf 80' lang='grc' dir='ltr'><strong><em>ἄλλων</em></strong></span> <span class='ocrx_word' id='word_1_38' title='bbox 467 862 665 951; x_wconf 69' lang='grc' dir='ltr'><strong><em>παραλιπών</em></strong></span> <span class='ocrx_word' id='word_1_39' title='bbox 685 864 804 950; x_wconf 89' lang='grc' dir='ltr'><strong><em>λόγον,</em></strong></span> <span class='ocrx_word' id='word_1_40' title='bbox 827 862 927 932; x_wconf 75' lang='grc' dir='ltr'><strong><em>οὐδὲν</em></strong></span> <span class='ocrx_word' id='word_1_41' title='bbox 946 864 1067 951; x_wconf 82' lang='grc' dir='ltr'><strong><em>ὄφελος</em></strong></span> 
     </span>
     <span class='ocr_line' id='line_1_7' title="bbox 114 961 1068 1052; baseline 0 -20"><span class='ocrx_word' id='word_1_42' title='bbox 114 971 180 1052; x_wconf 81' lang='grc' dir='ltr'><strong><em>ἔφη</em></strong></span> <span class='ocrx_word' id='word_1_43' title='bbox 191 971 260 1032; x_wconf 77' lang='grc' dir='ltr'><strong><em>τῶν</em></strong></span> <span class='ocrx_word' id='word_1_44' title='bbox 270 965 350 1051; x_wconf 70' lang='grc' dir='ltr'><strong><em>χθὲς</em></strong></span> <span class='ocrx_word' id='word_1_45' title='bbox 361 969 546 1051; x_wconf 74' lang='grc' dir='ltr'><strong><em>εἰρημένων</em></strong></span> <span class='ocrx_word' id='word_1_46' title='bbox 556 962 641 1031; x_wconf 80' lang='grc' dir='ltr'><strong><em>εἰναι</em></strong></span> <span class='ocrx_word' id='word_1_47' title='bbox 651 962 778 1050; x_wconf 89' lang='grc' dir='ltr'><strong><em>λόγων,</em></strong></span> <span class='ocrx_word' id='word_1_48' title='bbox 800 969 832 1032; x_wconf 83' lang='grc' dir='ltr'><strong><em>εἰ</em></strong></span> <span class='ocrx_word' id='word_1_49' title='bbox 846 961 948 1032; x_wconf 77' lang='grc' dir='ltr'><strong><em>ταῦθ’</em></strong></span> <span class='ocrx_word' id='word_1_50' title='bbox 960 968 995 1032; x_wconf 90' lang='grc' dir='ltr'><strong><em>οί</em></strong></span> <span class='ocrx_word' id='word_1_51' title='bbox 1006 972 1068 1032; x_wconf 84' lang='grc' dir='ltr'><strong><em>Φι-</em></strong></span> 
     </span>
     <span class='ocr_line' id='line_1_8' title="bbox 115 1059 1068 1154; baseline 0.001 -25"><span class='ocrx_word' id='word_1_52' title='bbox 115 1069 240 1130; x_wconf 85' lang='grc' dir='ltr'><strong><em>λίππου</em></strong></span> <span class='ocrx_word' id='word_1_53' title='bbox 255 1061 300 1149; x_wconf 85' lang='grc' dir='ltr'><strong><em>μή</em></strong></span> <span class='ocrx_word' id='word_1_54' title='bbox 323 1062 630 1148; x_wconf 74' lang='grc' dir='ltr'><strong><em>συμπεισθήσονται</em></strong></span> <span class='ocrx_word' id='word_1_55' title='bbox 652 1065 822 1148; x_wconf 84' lang='grc' dir='ltr'><strong><em>πρέσβεις,</em></strong></span> <span class='ocrx_word' id='word_1_56' title='bbox 845 1059 924 1132; x_wconf 70' lang='grc' dir='ltr'><strong><em>οὐδὲ</em></strong></span> <span class='ocrx_word' id='word_1_57' title='bbox 942 1063 1068 1154; x_wconf 74' lang='grc' dir='ltr'><strong><em>γιγνοί-</em></strong></span> 
     </span>
    </p>

    <p class='ocr_par' dir='ltr' id='par_1_3' title="bbox 55 1155 1135 2133">
     <span class='ocr_line' id='line_1_9' title="bbox 55 1155 1068 1248; baseline 0 -17"><span class='ocrx_word' id='word_1_58' title='bbox 55 1177 95 1231; x_wconf 75' lang='lat'><strong><em>⁷2</em></strong></span> <span class='ocrx_word' id='word_1_59' title='bbox 115 1181 211 1228; x_wconf 91' lang='grc' dir='ltr'><strong><em>σκειν</em></strong></span> <span class='ocrx_word' id='word_1_60' title='bbox 233 1165 297 1248; x_wconf 85' lang='grc' dir='ltr'><strong><em>ἐφη</em></strong></span> <span class='ocrx_word' id='word_1_61' title='bbox 317 1159 380 1248; x_wconf 85' lang='grc' dir='ltr'><strong><em>τήν</em></strong></span> <span class='ocrx_word' id='word_1_62' title='bbox 403 1160 539 1246; x_wconf 81' lang='grc' dir='ltr'><strong><em>εἰρήνην</em></strong></span> <span class='ocrx_word' id='word_1_63' title='bbox 560 1155 709 1244; x_wconf 85' lang='grc' dir='ltr'><strong><em>άποάσης</em></strong></span> <span class='ocrx_word' id='word_1_64' title='bbox 729 1165 922 1245; x_wconf 83' lang='grc' dir='ltr'><strong><em>συμμαχίας.</em></strong></span> <span class='ocrx_word' id='word_1_65' title='bbox 944 1159 1068 1247; x_wconf 75' lang='grc' dir='ltr'><strong><em>οὐγὰρ</em></strong></span> 
     </span>
     <span class='ocr_line' id='line_1_10' title="bbox 116 1253 1068 1346; baseline 0.002 -21"><span class='ocrx_word' id='word_1_66' title='bbox 116 1263 180 1344; x_wconf 79' lang='grc' dir='ltr'><strong><em>ἔφη</em></strong></span> <span class='ocrx_word' id='word_1_67' title='bbox 192 1263 278 1342; x_wconf 75' lang='grc' dir='ltr'><strong><em>δεῖν,</em></strong></span> <span class='ocrx_word' id='word_1_68' title='bbox 301 1261 356 1326; x_wconf 80' lang='grc' dir='ltr'><strong><em>καὶ</em></strong></span> <span class='ocrx_word' id='word_1_69' title='bbox 367 1258 433 1344; x_wconf 83' lang='grc' dir='ltr'><strong><em>γάρ</em></strong></span> <span class='ocrx_word' id='word_1_70' title='bbox 443 1254 481 1325; x_wconf 87' lang='grc' dir='ltr'><strong><em>τδ</em></strong></span> <span class='ocrx_word' id='word_1_71' title='bbox 493 1260 580 1346; x_wconf 75' lang='grc' dir='ltr'><strong><em>ῥῆμα</em></strong></span> <span class='ocrx_word' id='word_1_72' title='bbox 591 1259 756 1343; x_wconf 88' lang='grc' dir='ltr'><strong><em>μέμνημαι</em></strong></span> <span class='ocrx_word' id='word_1_73' title='bbox 773 1253 818 1335; x_wconf 74' lang='grc' dir='ltr'><strong><em>ὥς</em></strong></span> <span class='ocrx_word' id='word_1_74' title='bbox 829 1255 915 1340; x_wconf 86' lang='grc' dir='ltr'><strong><em>εἰπε,</em></strong></span> <span class='ocrx_word' id='word_1_75' title='bbox 938 1256 992 1326; x_wconf 86' lang='grc' dir='ltr'><strong><em>διά</em></strong></span> <span class='ocrx_word' id='word_1_76' title='bbox 1005 1258 1068 1344; x_wconf 85' lang='grc' dir='ltr'><strong><em>τήν</em></strong></span> 
     </span>
     <span class='ocr_line' id='line_1_11' title="bbox 115 1354 1068 1445; baseline 0.002 -23"><span class='ocrx_word' id='word_1_77' title='bbox 115 1354 235 1443; x_wconf 84' lang='grc' dir='ltr'><strong><em>ἀηδίαν</em></strong></span> <span class='ocrx_word' id='word_1_78' title='bbox 246 1365 309 1425; x_wconf 80' lang='grc' dir='ltr'><strong><em>τοῦ</em></strong></span> <span class='ocrx_word' id='word_1_79' title='bbox 319 1359 473 1443; x_wconf 86' lang='grc' dir='ltr'><strong><em>λέγοντος</em></strong></span> <span class='ocrx_word' id='word_1_80' title='bbox 484 1355 552 1443; x_wconf 78' lang='grc' dir='ltr'><strong><em>ἅμα</em></strong></span> <span class='ocrx_word' id='word_1_81' title='bbox 562 1359 618 1424; x_wconf 80' lang='grc' dir='ltr'><strong><em>καὶ</em></strong></span> <span class='ocrx_word' id='word_1_82' title='bbox 628 1363 690 1424; x_wconf 76' lang='grc' dir='ltr'><strong><em>τοῦ</em></strong></span> <span class='ocrx_word' id='word_1_83' title='bbox 694 1354 873 1443; x_wconf 73' lang='grc' dir='ltr'><strong><em>ὀνόματος,</em></strong></span> <span class='ocrx_word' id='word_1_84' title='bbox 885 1354 1068 1445; x_wconf 81' lang='grc' dir='ltr'><strong><em>ἀπορρῆξαι</em></strong></span> 
     </span>
     <span class='ocr_line' id='line_1_12' title="bbox 114 1447 1068 1543; baseline 0.002 -22"><span class='ocrx_word' id='word_1_85' title='bbox 114 1462 173 1540; x_wconf 83' lang='grc' dir='ltr'><strong><em>τῆς</em></strong></span> <span class='ocrx_word' id='word_1_86' title='bbox 194 1457 326 1542; x_wconf 82' lang='grc' dir='ltr'><strong><em>εἰρήνης</em></strong></span> <span class='ocrx_word' id='word_1_87' title='bbox 348 1447 410 1542; x_wconf 84' lang='grc' dir='ltr'><strong><em>τήν</em></strong></span> <span class='ocrx_word' id='word_1_88' title='bbox 432 1463 638 1543; x_wconf 80' lang='grc' dir='ltr'><strong><em>συμμαχίαν,</em></strong></span> <span class='ocrx_word' id='word_1_89' title='bbox 660 1453 739 1524; x_wconf 74' lang='grc' dir='ltr'><strong><em>οὐδὲ</em></strong></span> <span class='ocrx_word' id='word_1_90' title='bbox 758 1452 799 1523; x_wconf 82' lang='grc' dir='ltr'><strong><em>τά</em></strong></span> <span class='ocrx_word' id='word_1_91' title='bbox 815 1462 884 1523; x_wconf 78' lang='grc' dir='ltr'><strong><em>τάν</em></strong></span> <span class='ocrx_word' id='word_1_92' title='bbox 899 1452 1068 1541; x_wconf 80' lang='grc' dir='ltr'><strong><em>Ἑλλήνων</em></strong></span> 
     </span>
     <span class='ocr_line' id='line_1_13' title="bbox 115 1549 1135 1641; baseline -0.002 -21"><span class='ocrx_word' id='word_1_93' title='bbox 115 1551 295 1641; x_wconf 89' lang='grc' dir='ltr'><strong><em>άναμένειν</em></strong></span> <span class='ocrx_word' id='word_1_94' title='bbox 306 1554 512 1641; x_wconf 73' lang='grc' dir='ltr'><strong><em>μελλήματα,</em></strong></span> <span class='ocrx_word' id='word_1_95' title='bbox 536 1551 611 1622; x_wconf 84' lang='grc' dir='ltr'><strong><em>ἀλλ’</em></strong></span> <span class='ocrx_word' id='word_1_96' title='bbox 630 1550 652 1640; x_wconf 87' lang='grc' dir='ltr'><strong><em>ή</em></strong></span> <span class='ocrx_word' id='word_1_97' title='bbox 669 1564 825 1641; x_wconf 79' lang='grc' dir='ltr'><strong><em>πολεμεῖν</em></strong></span> <span class='ocrx_word' id='word_1_98' title='bbox 836 1551 959 1633; x_wconf 77' lang='grc' dir='ltr'><strong><em>αὐτούς</em></strong></span> <span class='ocrx_word' id='word_1_99' title='bbox 973 1549 996 1640; x_wconf 88' lang='grc' dir='ltr'><strong><em>ή</em></strong></span> <span class='ocrx_word' id='word_1_100' title='bbox 1006 1552 1070 1639; x_wconf 81' lang='grc' dir='ltr'><strong><em>τήν</em></strong></span> <span class='ocrx_word' id='word_1_101' title='bbox 1083 1565 1135 1621; x_wconf 78' lang='lat'><strong><em>462</em></strong></span> 
     </span>
     <span class='ocr_line' id='line_1_14' title="bbox 114 1651 1069 1740; baseline 0 -20"><span class='ocrx_word' id='word_1_102' title='bbox 114 1653 254 1740; x_wconf 84' lang='grc' dir='ltr'><strong><em>εἰρήνην</em></strong></span> <span class='ocrx_word' id='word_1_103' title='bbox 264 1658 332 1740; x_wconf 80' lang='grc' dir='ltr'><strong><em>ἰδίη</em></strong></span> <span class='ocrx_word' id='word_1_104' title='bbox 343 1661 522 1720; x_wconf 75' lang='grc' dir='ltr'><strong><em>ποιεῖσθαι.</em></strong></span> <span class='ocrx_word' id='word_1_105' title='bbox 545 1653 600 1718; x_wconf 76' lang='grc' dir='ltr'><strong><em>καί</em></strong></span> <span class='ocrx_word' id='word_1_106' title='bbox 616 1659 780 1722; x_wconf 71' lang='grc' dir='ltr'><strong><em>τελευταῖν</em></strong></span> <span class='ocrx_word' id='word_1_107' title='bbox 790 1655 843 1721; x_wconf 83' lang='grc' dir='ltr'><strong><em>ἐπὶ</em></strong></span> <span class='ocrx_word' id='word_1_108' title='bbox 855 1651 891 1720; x_wconf 82' lang='grc' dir='ltr'><strong><em>τὸ</em></strong></span> <span class='ocrx_word' id='word_1_109' title='bbox 902 1660 991 1739; x_wconf 84' lang='grc' dir='ltr'><strong><em>βῆμα</em></strong></span> <span class='ocrx_word' id='word_1_110' title='bbox 1002 1673 1069 1720; x_wconf 84' lang='grc' dir='ltr'><strong><em>πα-</em></strong></span> 
     </span>
     <span class='ocr_line' id='line_1_15' title="bbox 115 1750 1068 1839; baseline 0 -19"><span class='ocrx_word' id='word_1_111' title='bbox 115 1757 301 1839; x_wconf 89' lang='grc' dir='ltr'><strong><em>ρακαλέσας</em></strong></span> <span class='ocrx_word' id='word_1_112' title='bbox 314 1751 529 1834; x_wconf 85' lang='grc' dir='ltr'><strong><em>Ἀντίπατρον</em></strong></span> <span class='ocrx_word' id='word_1_113' title='bbox 539 1750 690 1836; x_wconf 82' lang='grc' dir='ltr'><strong><em>ἐράτημά</em></strong></span> <span class='ocrx_word' id='word_1_114' title='bbox 699 1779 731 1819; x_wconf 90' lang='grc' dir='ltr'><strong><em>τι</em></strong></span> <span class='ocrx_word' id='word_1_115' title='bbox 746 1751 876 1838; x_wconf 80' lang='grc' dir='ltr'><strong><em>ήράτα,</em></strong></span> <span class='ocrx_word' id='word_1_116' title='bbox 898 1750 1068 1837; x_wconf 71' lang='grc' dir='ltr'><strong><em>προειπών</em></strong></span> 
     </span>
     <span class='ocr_line' id='line_1_16' title="bbox 111 1846 1068 1937; baseline -0.001 -20"><span class='ocrx_word' id='word_1_117' title='bbox 111 1852 177 1937; x_wconf 77' lang='grc' dir='ltr'><strong><em>μὲν</em></strong></span> <span class='ocrx_word' id='word_1_118' title='bbox 187 1848 209 1916; x_wconf 79' lang='grc' dir='ltr'><strong><em>ά</em></strong></span> <span class='ocrx_word' id='word_1_119' title='bbox 220 1849 388 1936; x_wconf 85' lang='grc' dir='ltr'><strong><em>ἐρήσεται,</em></strong></span> <span class='ocrx_word' id='word_1_120' title='bbox 411 1849 612 1935; x_wconf 79' lang='grc' dir='ltr'><strong><em>προδιδάξας</em></strong></span> <span class='ocrx_word' id='word_1_121' title='bbox 623 1848 659 1916; x_wconf 73' lang='grc' dir='ltr'><strong><em>δὲ</em></strong></span> <span class='ocrx_word' id='word_1_122' title='bbox 671 1846 692 1916; x_wconf 78' lang='grc' dir='ltr'><em>ἃ</em></span> <span class='ocrx_word' id='word_1_123' title='bbox 703 1849 764 1934; x_wconf 83' lang='grc' dir='ltr'><strong><em>χρὴ</em></strong></span> <span class='ocrx_word' id='word_1_124' title='bbox 777 1848 860 1917; x_wconf 84' lang='grc' dir='ltr'><strong><em>κατά</em></strong></span> <span class='ocrx_word' id='word_1_125' title='bbox 871 1858 929 1935; x_wconf 82' lang='grc' dir='ltr'><strong><em>τῆς</em></strong></span> <span class='ocrx_word' id='word_1_126' title='bbox 939 1850 1068 1928; x_wconf 87' lang='grc' dir='ltr'><strong><em>πόλεως</em></strong></span> 
     </span>
     <span class='ocr_line' id='line_1_17' title="bbox 112 1940 1068 2035; baseline -0.001 -21"><span class='ocrx_word' id='word_1_127' title='bbox 112 1940 371 2029; x_wconf 77' lang='grc' dir='ltr'><strong><em>ἀποκρίνασθαι.</em></strong></span> <span class='ocrx_word' id='word_1_128' title='bbox 393 1949 448 2014; x_wconf 81' lang='grc' dir='ltr'><strong><em>καὶ</em></strong></span> <span class='ocrx_word' id='word_1_129' title='bbox 467 1949 559 2025; x_wconf 84' lang='grc' dir='ltr'><strong><em>τέλος</em></strong></span> <span class='ocrx_word' id='word_1_130' title='bbox 579 1945 673 2014; x_wconf 82' lang='grc' dir='ltr'><strong><em>ταῦτ’</em></strong></span> <span class='ocrx_word' id='word_1_131' title='bbox 697 1948 806 2030; x_wconf 90' lang='grc' dir='ltr'><strong><em>ἐνίκα,</em></strong></span> <span class='ocrx_word' id='word_1_132' title='bbox 829 1953 874 2034; x_wconf 76' lang='grc' dir='ltr'><strong><em>τῷ</em></strong></span> <span class='ocrx_word' id='word_1_133' title='bbox 897 1947 959 2031; x_wconf 71' lang='grc' dir='ltr'><strong><em>μὲν</em></strong></span> <span class='ocrx_word' id='word_1_134' title='bbox 980 1947 1068 2035; x_wconf 76' lang='grc' dir='ltr'><strong><em>λόγῳ</em></strong></span> 
     </span>
     <span class='ocr_line' id='line_1_18' title="bbox 113 2043 1067 2133; baseline -0.001 -20"><span class='ocrx_word' id='word_1_135' title='bbox 113 2049 385 2132; x_wconf 89' lang='grc' dir='ltr'><strong><em>προβιασαμένου</em></strong></span> <span class='ocrx_word' id='word_1_136' title='bbox 390 2047 644 2133; x_wconf 75' lang='grc' dir='ltr'><strong><em>Δημοσθένους,</em></strong></span> <span class='ocrx_word' id='word_1_137' title='bbox 656 2043 693 2114; x_wconf 89' lang='grc' dir='ltr'>τὸ</span> <span class='ocrx_word' id='word_1_138' title='bbox 706 2047 742 2114; x_wconf 73' lang='grc' dir='ltr'><strong><em>δὲ</em></strong></span> <span class='ocrx_word' id='word_1_139' title='bbox 753 2045 906 2132; x_wconf 89' lang='grc' dir='ltr'><strong><em>ψήφισμα</em></strong></span> <span class='ocrx_word' id='word_1_140' title='bbox 914 2045 1067 2132; x_wconf 85' lang='grc' dir='ltr'><strong><em>γράψαν-</em></strong></span> 
     </span>
    </p>

    <p class='ocr_par' dir='ltr' id='par_1_4' title="bbox 62 2137 1135 3018">
     <span class='ocr_line' id='line_1_19' title="bbox 62 2137 1068 2238; baseline -0.001 -25"><span class='ocrx_word' id='word_1_141' title='bbox 62 2158 99 2213; x_wconf 83' lang='grc'><strong><em>73</em></strong></span> <span class='ocrx_word' id='word_1_142' title='bbox 114 2169 170 2222; x_wconf 87' lang='grc' dir='ltr'><strong><em>τος</em></strong></span> <span class='ocrx_word' id='word_1_143' title='bbox 186 2144 423 2226; x_wconf 76' lang='grc' dir='ltr'><strong><em>Φιλοκράτους.</em></strong></span> <span class='ocrx_word' id='word_1_144' title='bbox 450 2141 470 2212; x_wconf 84' lang='grc' dir='ltr'><strong><em>δ</em></strong></span> <span class='ocrx_word' id='word_1_145' title='bbox 486 2137 581 2238; x_wconf 74' lang='grc' dir='ltr'><strong><em>δέήν</em></strong></span> <span class='ocrx_word' id='word_1_146' title='bbox 591 2142 778 2212; x_wconf 81' lang='grc' dir='ltr'><strong><em>ὑπόλοιπον</em></strong></span> <span class='ocrx_word' id='word_1_147' title='bbox 789 2141 916 2231; x_wconf 78' lang='grc' dir='ltr'><strong><em>αὐτοῖς,</em></strong></span> <span class='ocrx_word' id='word_1_148' title='bbox 937 2151 1068 2231; x_wconf 85' lang='grc' dir='ltr'><strong><em>Κερσο-</em></strong></span> 
     </span>
     <span class='ocr_line' id='line_1_20' title="bbox 115 2242 1066 2332; baseline 0.003 -24"><span class='ocrx_word' id='word_1_149' title='bbox 115 2245 258 2330; x_wconf 83' lang='grc' dir='ltr'><strong><em>βλέπτην</em></strong></span> <span class='ocrx_word' id='word_1_150' title='bbox 276 2246 331 2312; x_wconf 81' lang='grc' dir='ltr'><strong><em>καὶ</em></strong></span> <span class='ocrx_word' id='word_1_151' title='bbox 347 2242 409 2312; x_wconf 82' lang='grc' dir='ltr'><strong><em>τὸν</em></strong></span> <span class='ocrx_word' id='word_1_152' title='bbox 425 2246 477 2312; x_wconf 82' lang='grc' dir='ltr'><strong><em>ἐπὶ</em></strong></span> <span class='ocrx_word' id='word_1_153' title='bbox 494 2243 629 2332; x_wconf 79' lang='grc' dir='ltr'><strong><em>Θράκης</em></strong></span> <span class='ocrx_word' id='word_1_154' title='bbox 644 2244 750 2312; x_wconf 85' lang='grc' dir='ltr'><strong><em>τόπον</em></strong></span> <span class='ocrx_word' id='word_1_155' title='bbox 766 2249 904 2312; x_wconf 75' lang='grc' dir='ltr'><strong><em>ἔκδοτον</em></strong></span> <span class='ocrx_word' id='word_1_156' title='bbox 921 2251 1066 2331; x_wconf 85' lang='grc' dir='ltr'><strong><em>ποιῆσαι,</em></strong></span> 
     </span>
     <span class='ocr_line' id='line_1_21' title="bbox 116 2338 1065 2430; baseline 0.003 -23"><span class='ocrx_word' id='word_1_157' title='bbox 116 2343 170 2408; x_wconf 82' lang='grc' dir='ltr'><strong><em>καὶ</em></strong></span> <span class='ocrx_word' id='word_1_158' title='bbox 176 2338 262 2408; x_wconf 81' lang='grc' dir='ltr'><strong><em>τοῦτ’</em></strong></span> <span class='ocrx_word' id='word_1_159' title='bbox 271 2345 417 2425; x_wconf 81' lang='grc' dir='ltr'><strong><em>ἔπραξαν</em></strong></span> <span class='ocrx_word' id='word_1_160' title='bbox 432 2343 509 2430; x_wconf 83' lang='grc' dir='ltr'><strong><em>ἕκτη</em></strong></span> <span class='ocrx_word' id='word_1_161' title='bbox 521 2353 705 2429; x_wconf 78' lang='grc' dir='ltr'><strong><em>φθίνοντος</em></strong></span> <span class='ocrx_word' id='word_1_162' title='bbox 714 2351 777 2412; x_wconf 80' lang='grc' dir='ltr'><strong><em>τοῦ</em></strong></span> <span class='ocrx_word' id='word_1_163' title='bbox 788 2346 1065 2430; x_wconf 79' lang='grc' dir='ltr'><strong><em>ἐλαφηβολιῶνος,</em></strong></span> 
     </span>
     <span class='ocr_line' id='line_1_22' title="bbox 114 2437 1069 2560; baseline 0 -54"><span class='ocrx_word' id='word_1_164' title='bbox 114 2441 193 2522; x_wconf 82' lang='grc' dir='ltr'><strong><em>πρὶν</em></strong></span> <span class='ocrx_word' id='word_1_165' title='bbox 203 2443 256 2508; x_wconf 77' lang='grc' dir='ltr'><strong><em>ἐπὶ</em></strong></span> <span class='ocrx_word' id='word_1_166' title='bbox 266 2439 329 2525; x_wconf 82' lang='grc' dir='ltr'><strong><em>τήν</em></strong></span> <span class='ocrx_word' id='word_1_167' title='bbox 341 2437 486 2525; x_wconf 79' lang='grc' dir='ltr'><strong><em>ὑστέραν</em></strong></span> <span class='ocrx_word' id='word_1_168' title='bbox 496 2439 651 2560; x_wconf 56' lang='grc' dir='ltr'><strong><em>ἀτιμίη-ειν</em></strong></span> <span class='ocrx_word' id='word_1_169' title='bbox 665 2447 843 2526; x_wconf 85' lang='grc' dir='ltr'><strong><em>πρεσβείαν</em></strong></span> <span class='ocrx_word' id='word_1_170' title='bbox 853 2438 916 2526; x_wconf 85' lang='grc' dir='ltr'><strong><em>τήν</em></strong></span> <span class='ocrx_word' id='word_1_171' title='bbox 926 2441 979 2506; x_wconf 75' lang='grc' dir='ltr'><strong><em>ἐπὶ</em></strong></span> <span class='ocrx_word' id='word_1_172' title='bbox 990 2438 1069 2518; x_wconf 83' lang='grc' dir='ltr'><strong><em>τούς</em></strong></span> 
     </span>
     <span class='ocr_line' id='line_1_23' title="bbox 114 2534 1064 2625; baseline 0.001 -20"><span class='ocrx_word' id='word_1_173' title='bbox 114 2534 236 2622; x_wconf 86' lang='grc' dir='ltr'><strong><em>ὅρκους</em></strong></span> <span class='ocrx_word' id='word_1_174' title='bbox 253 2541 496 2625; x_wconf 51' lang='grc' dir='ltr'><strong><em>Δημοσθένην)</em></strong></span> <span class='ocrx_word' id='word_1_175' title='bbox 518 2538 535 2606; x_wconf 88' lang='grc' dir='ltr'>ὁ</span> <span class='ocrx_word' id='word_1_176' title='bbox 553 2564 618 2624; x_wconf 90' lang='grc' dir='ltr'><strong><em>γαρ</em></strong></span> <span class='ocrx_word' id='word_1_177' title='bbox 636 2541 892 2624; x_wconf 83' lang='grc' dir='ltr'><strong><em>μισαλέξανδρος</em></strong></span> <span class='ocrx_word' id='word_1_178' title='bbox 906 2539 960 2606; x_wconf 85' lang='grc' dir='ltr'><strong><em>καί</em></strong></span> <span class='ocrx_word' id='word_1_179' title='bbox 971 2543 1064 2624; x_wconf 85' lang='grc' dir='ltr'><strong><em>μισο-</em></strong></span> 
     </span>
     <span class='ocr_line' id='line_1_24' title="bbox 115 2633 1068 2722; baseline -0.001 -19"><span class='ocrx_word' id='word_1_180' title='bbox 115 2641 274 2720; x_wconf 84' lang='grc' dir='ltr'><strong><em>φίλιππος</em></strong></span> <span class='ocrx_word' id='word_1_181' title='bbox 291 2633 372 2722; x_wconf 80' lang='grc' dir='ltr'><strong><em>δμῐν</em></strong></span> <span class='ocrx_word' id='word_1_182' title='bbox 389 2633 503 2703; x_wconf 78' lang='grc' dir='ltr'><strong><em>οὑτοσὶ</em></strong></span> <span class='ocrx_word' id='word_1_183' title='bbox 519 2636 628 2722; x_wconf 78' lang='grc' dir='ltr'><strong><em>ῥήτωρ</em></strong></span> <span class='ocrx_word' id='word_1_184' title='bbox 646 2639 695 2713; x_wconf 83' lang='grc' dir='ltr'><strong><em>δὶς</em></strong></span> <span class='ocrx_word' id='word_1_185' title='bbox 708 2637 928 2721; x_wconf 77' lang='grc' dir='ltr'><strong><em>ἐπρέσβευσεν</em></strong></span> <span class='ocrx_word' id='word_1_186' title='bbox 938 2638 976 2704; x_wconf 94' lang='grc' dir='ltr'><strong><em>ἐν</em></strong></span> <span class='ocrx_word' id='word_1_187' title='bbox 985 2641 1068 2704; x_wconf 91' lang='grc' dir='ltr'><strong><em>Μα-</em></strong></span> 
     </span>
     <span class='ocr_line' id='line_1_25' title="bbox 114 2731 1135 2825; baseline 0.001 -23"><span class='ocrx_word' id='word_1_188' title='bbox 114 2738 267 2825; x_wconf 81' lang='grc' dir='ltr'><strong><em>κεδονίμ,</em></strong></span> <span class='ocrx_word' id='word_1_189' title='bbox 289 2732 364 2814; x_wconf 81' lang='grc' dir='ltr'><strong><em>ἐξὸν</em></strong></span> <span class='ocrx_word' id='word_1_190' title='bbox 374 2735 456 2820; x_wconf 80' lang='grc' dir='ltr'><strong><em>μηδὲ</em></strong></span> <span class='ocrx_word' id='word_1_191' title='bbox 467 2732 571 2817; x_wconf 81' lang='grc' dir='ltr'><strong><em>ἅπαξ,</em></strong></span> <span class='ocrx_word' id='word_1_192' title='bbox 592 2731 700 2801; x_wconf 80' lang='grc' dir='ltr'><strong><em>ὁνυνδ</em></strong></span> <span class='ocrx_word' id='word_1_193' title='bbox 710 2734 858 2801; x_wconf 83' lang='grc' dir='ltr'><strong><em>κελεύων</em></strong></span> <span class='ocrx_word' id='word_1_194' title='bbox 868 2741 936 2800; x_wconf 75' lang='grc' dir='ltr'><strong><em>τῶν</em></strong></span> <span class='ocrx_word' id='word_1_195' title='bbox 946 2739 1066 2801; x_wconf 91' lang='grc' dir='ltr'><strong><em>Μακε-</em></strong></span> <span class='ocrx_word' id='word_1_196' title='bbox 1083 2747 1135 2803; x_wconf 81' lang='grc'><strong><em>463</em></strong></span> 
     </span>
     <span class='ocr_line' id='line_1_26' title="bbox 115 2828 1066 2920; baseline -0.001 -22"><span class='ocrx_word' id='word_1_197' title='bbox 115 2831 228 2899; x_wconf 86' lang='grc' dir='ltr'><strong><em>δόνων</em></strong></span> <span class='ocrx_word' id='word_1_198' title='bbox 243 2831 451 2900; x_wconf 83' lang='grc' dir='ltr'><strong><em>καταπτύειν.</em></strong></span> <span class='ocrx_word' id='word_1_199' title='bbox 474 2838 521 2911; x_wconf 86' lang='grc' dir='ltr'><strong><em>είς</em></strong></span> <span class='ocrx_word' id='word_1_200' title='bbox 532 2834 567 2899; x_wconf 77' lang='grc' dir='ltr'><strong><em>δὲ</em></strong></span> <span class='ocrx_word' id='word_1_201' title='bbox 578 2828 639 2918; x_wconf 83' lang='grc' dir='ltr'><strong><em>τήν</em></strong></span> <span class='ocrx_word' id='word_1_202' title='bbox 650 2834 843 2917; x_wconf 88' lang='grc' dir='ltr'><strong><em>ἐκκλησίαν,</em></strong></span> <span class='ocrx_word' id='word_1_203' title='bbox 861 2829 924 2919; x_wconf 89' lang='grc' dir='ltr'><strong><em>τήν</em></strong></span> <span class='ocrx_word' id='word_1_204' title='bbox 934 2837 977 2920; x_wconf 72' lang='grc' dir='ltr'><strong><em>τῇ</em></strong></span> <span class='ocrx_word' id='word_1_205' title='bbox 987 2832 1066 2918; x_wconf 80' lang='grc' dir='ltr'><strong><em>ἕκτη</em></strong></span> 
     </span>
     <span class='ocr_line' id='line_1_27' title="bbox 114 2926 1066 3018; baseline 0.001 -22"><span class='ocrx_word' id='word_1_206' title='bbox 114 2932 216 3016; x_wconf 87' lang='grc' dir='ltr'><strong><em>λέγω,</em></strong></span> <span class='ocrx_word' id='word_1_207' title='bbox 235 2932 457 3017; x_wconf 76' lang='grc' dir='ltr'><strong><em>καθεζόμενος</em></strong></span> <span class='ocrx_word' id='word_1_208' title='bbox 466 2928 649 3017; x_wconf 85' lang='grc' dir='ltr'><strong><em>βουλευτής</em></strong></span> <span class='ocrx_word' id='word_1_209' title='bbox 661 2926 709 2998; x_wconf 76' lang='grc' dir='ltr'><strong><em>άν</em></strong></span> <span class='ocrx_word' id='word_1_210' title='bbox 720 2933 756 2998; x_wconf 83' lang='grc' dir='ltr'><strong><em>ἐκ</em></strong></span> <span class='ocrx_word' id='word_1_211' title='bbox 765 2937 993 3018; x_wconf 82' lang='grc' dir='ltr'><strong><em>παρασκευῆς,</em></strong></span> <span class='ocrx_word' id='word_1_212' title='bbox 1009 2935 1066 2997; x_wconf 84' lang='grc' dir='ltr'><strong><em>έκ-</em></strong></span> 
     </span>
    </p>

    <p class='ocr_par' dir='ltr' id='par_1_5' title="bbox 65 3027 1135 3610">
     <span class='ocr_line' id='line_1_28' title="bbox 65 3027 1067 3118; baseline -0.007 -17"><span class='ocrx_word' id='word_1_213' title='bbox 65 3044 99 3102; x_wconf 75' lang='grc'><strong><em>74</em></strong></span> <span class='ocrx_word' id='word_1_214' title='bbox 113 3032 213 3097; x_wconf 90' lang='grc' dir='ltr'><strong><em>δοτον</em></strong></span> <span class='ocrx_word' id='word_1_215' title='bbox 222 3029 479 3118; x_wconf 82' lang='grc' dir='ltr'><strong><em>Κερσοβλέπτην</em></strong></span> <span class='ocrx_word' id='word_1_216' title='bbox 489 3028 570 3116; x_wconf 82' lang='grc' dir='ltr'><strong><em>μετά</em></strong></span> <span class='ocrx_word' id='word_1_217' title='bbox 581 3027 808 3114; x_wconf 87' lang='grc' dir='ltr'><strong><em>Φιλοκράτους</em></strong></span> <span class='ocrx_word' id='word_1_218' title='bbox 818 3032 959 3115; x_wconf 86' lang='grc' dir='ltr'><strong><em>ἐποίησε,</em></strong></span> <span class='ocrx_word' id='word_1_219' title='bbox 983 3036 1067 3096; x_wconf 89' lang='grc' dir='ltr'><strong><em>λαν-</em></strong></span> 
     </span>
     <span class='ocr_line' id='line_1_29' title="bbox 111 3123 1066 3216; baseline -0.001 -21"><span class='ocrx_word' id='word_1_220' title='bbox 111 3128 212 3195; x_wconf 75' lang='grc' dir='ltr'><strong><em>θάνει</em></strong></span> <span class='ocrx_word' id='word_1_221' title='bbox 227 3126 293 3214; x_wconf 84' lang='grc' dir='ltr'><strong><em>γάρ</em></strong></span> <span class='ocrx_word' id='word_1_222' title='bbox 311 3125 330 3198; x_wconf 89' lang='grc' dir='ltr'>ὁ</span> <span class='ocrx_word' id='word_1_223' title='bbox 348 3130 410 3214; x_wconf 77' lang='grc' dir='ltr'><strong><em>μὲν</em></strong></span> <span class='ocrx_word' id='word_1_224' title='bbox 426 3128 633 3216; x_wconf 86' lang='grc' dir='ltr'><strong><em>Φιλοκράτης</em></strong></span> <span class='ocrx_word' id='word_1_225' title='bbox 650 3131 688 3197; x_wconf 91' lang='grc' dir='ltr'><strong><em>ἐν</em></strong></span> <span class='ocrx_word' id='word_1_226' title='bbox 705 3135 890 3215; x_wconf 73' lang='grc' dir='ltr'><strong><em>ψηφίσματι</em></strong></span> <span class='ocrx_word' id='word_1_227' title='bbox 905 3123 987 3213; x_wconf 81' lang='grc' dir='ltr'><strong><em>μετά</em></strong></span> <span class='ocrx_word' id='word_1_228' title='bbox 997 3134 1066 3195; x_wconf 72' lang='grc' dir='ltr'><strong><em>τοῖν</em></strong></span> 
     </span>
     <span class='ocr_line' id='line_1_30' title="bbox 115 3221 1134 3313; baseline -0.002 -21"><span class='ocrx_word' id='word_1_229' title='bbox 115 3225 229 3293; x_wconf 87' lang='grc' dir='ltr'><strong><em>άλλων</em></strong></span> <span class='ocrx_word' id='word_1_230' title='bbox 250 3227 456 3313; x_wconf 74' lang='grc' dir='ltr'><strong><em>γραμμάτων</em></strong></span> <span class='ocrx_word' id='word_1_231' title='bbox 477 3227 730 3313; x_wconf 87' lang='grc' dir='ltr'><strong><em>παρεγγράψας,</em></strong></span> <span class='ocrx_word' id='word_1_232' title='bbox 756 3223 774 3294; x_wconf 80' lang='grc' dir='ltr'>ὁ</span> <span class='ocrx_word' id='word_1_233' title='bbox 798 3221 831 3292; x_wconf 84' lang='grc' dir='ltr'><strong><em>δ’</em></strong></span> <span class='ocrx_word' id='word_1_234' title='bbox 851 3228 1062 3311; x_wconf 71' lang='grc' dir='ltr'><strong><em>ἐπιψηφίσας,</em></strong></span> <span class='ocrx_word' id='word_1_235' title='bbox 1081 3243 1134 3299; x_wconf 75' lang='lat'><strong><em>464</em></strong></span> 
     </span>
     <span class='ocr_line' id='line_1_31' title="bbox 113 3315 1135 3414; baseline -0.002 -24"><span class='ocrx_word' id='word_1_236' title='bbox 113 3329 345 3410; x_wconf 77' lang='grc' dir='ltr'><strong><em>Δημοσθένης,</em></strong></span> <span class='ocrx_word' id='word_1_237' title='bbox 358 3327 395 3392; x_wconf 89' lang='grc' dir='ltr'><strong><em>ἐν</em></strong></span> <span class='ocrx_word' id='word_1_238' title='bbox 405 3315 435 3414; x_wconf 73' lang='grc' dir='ltr'><em>ᾧ</em></span> <span class='ocrx_word' id='word_1_239' title='bbox 444 3327 624 3409; x_wconf 85' lang='grc' dir='ltr'><strong><em>γέγραπται</em></strong></span> <span class='ocrx_word' id='word_1_240' title='bbox 634 3323 844 3409; x_wconf 59' lang='grc' dir='ltr'><strong><em>»ἀποδοῦναι</em></strong></span> <span class='ocrx_word' id='word_1_241' title='bbox 855 3323 934 3402; x_wconf 79' lang='grc' dir='ltr'><strong><em>τοὺς</em></strong></span> <span class='ocrx_word' id='word_1_242' title='bbox 945 3322 1067 3406; x_wconf 82' lang='grc' dir='ltr'><strong><em>ὅρκους</em></strong></span> <span class='ocrx_word' id='word_1_243' title='bbox 1083 3347 1135 3402; x_wconf 77' lang='lat'><strong><em>455</em></strong></span> 
     </span>
     <span class='ocr_line' id='line_1_32' title="bbox 113 3417 1066 3510; baseline -0.002 -21"><span class='ocrx_word' id='word_1_244' title='bbox 113 3437 182 3501; x_wconf 80' lang='grc' dir='ltr'><strong><em>τοῖς</em></strong></span> <span class='ocrx_word' id='word_1_245' title='bbox 202 3425 359 3509; x_wconf 86' lang='grc' dir='ltr'><strong><em>πρέσβεσι</em></strong></span> <span class='ocrx_word' id='word_1_246' title='bbox 379 3436 447 3502; x_wconf 80' lang='grc' dir='ltr'><strong><em>τοίς</em></strong></span> <span class='ocrx_word' id='word_1_247' title='bbox 463 3421 553 3508; x_wconf 83' lang='grc' dir='ltr'><strong><em>παρά</em></strong></span> <span class='ocrx_word' id='word_1_248' title='bbox 570 3430 740 3490; x_wconf 88' lang='grc' dir='ltr'><strong><em>Φιλίππου</em></strong></span> <span class='ocrx_word' id='word_1_249' title='bbox 756 3425 793 3490; x_wconf 88' lang='grc' dir='ltr'><strong><em>ἐν</em></strong></span> <span class='ocrx_word' id='word_1_250' title='bbox 810 3425 888 3509; x_wconf 77' lang='grc' dir='ltr'><strong><em>τῇδε</em></strong></span> <span class='ocrx_word' id='word_1_251' title='bbox 903 3429 944 3509; x_wconf 76' lang='grc' dir='ltr'><strong><em>τῇ</em></strong></span> <span class='ocrx_word' id='word_1_252' title='bbox 960 3417 1066 3510; x_wconf 78' lang='grc' dir='ltr'><strong><em>ἡμέρα</em></strong></span> 
     </span>
     <span class='ocr_line' id='line_1_33' title="bbox 114 3519 1045 3610; baseline 0 -20"><span class='ocrx_word' id='word_1_253' title='bbox 114 3519 195 3600; x_wconf 79' lang='grc' dir='ltr'><strong><em>τοὺς</em></strong></span> <span class='ocrx_word' id='word_1_254' title='bbox 213 3524 398 3605; x_wconf 85' lang='grc' dir='ltr'><strong><em>συνέδρους</em></strong></span> <span class='ocrx_word' id='word_1_255' title='bbox 419 3527 487 3589; x_wconf 73' lang='grc' dir='ltr'><strong><em>τοῖν</em></strong></span> <span class='ocrx_word' id='word_1_256' title='bbox 508 3522 726 3608; x_wconf 82' lang='grc' dir='ltr'><strong><em>συμμάχων.“</em></strong></span> <span class='ocrx_word' id='word_1_257' title='bbox 761 3519 851 3610; x_wconf 78' lang='grc' dir='ltr'><strong><em>παρὰ</em></strong></span> <span class='ocrx_word' id='word_1_258' title='bbox 878 3524 915 3589; x_wconf 78' lang='grc' dir='ltr'><strong><em>δὲ</em></strong></span> <span class='ocrx_word' id='word_1_259' title='bbox 935 3528 1045 3607; x_wconf 83' lang='grc' dir='ltr'><strong><em>Κερσο</em></strong></span> 
     </span>
    </p>
   </div>
   <div class='ocr_carea' id='block_1_3' title="bbox 0 0 1260 3948">
    <p class='ocr_par' dir='ltr' id='par_1_6' title="bbox 0 0 1260 3948">
     <span class='ocr_line' id='line_1_34' title="bbox 0 0 1260 3948; baseline 0 0"><span class='ocrx_word' id='word_1_260' title='bbox 0 0 1260 3948; x_wconf 95' lang='lat' dir='ltr'><strong><em> </em></strong></span> 
     </span>
    </p>
   </div>
  </div>
 </body>
</html>
