2444 3946
176 269 216 332 14
592 261 721 314 ιΣιιου
1037 263 1091 316 οι.
1113 263 1138 312 ι.
1214 223 1215 282 1

173 433 355 525 ἀναγκαῖον
380 426 419 504 εύ
442 451 550 506 ποιεῖν
571 430 655 556 ἡμᾶς
678 437 787 506 καίἰ
752 464 773 505 α
774 430 887 525 ἰσχρόν
904 429 998 523 ἡμων
1016 430 1139 523 ἀμελῆ·
1215 440 1216 526 λ

174 549 244 622 σαι,
269 538 374 626 μηδὲν
396 541 464 607 τεόν
482 531 587 606 αύτού
579 530 682 660 ἡμῖν
701 540 832 606 δούναι·
856 533 995 615 τούτους
1014 537 1066 624 δέ,
1086 531 1138 616 οἷς

174 634 246 708 οὔτ’
276 634 403 727 ύνύμκη
439 641 528 707 ἐστὶν
554 633 626 706 οὔτ’
658 636 820 727 αἰσχύνην
852 632 1013 725 οὐδεμίαν
1039 639 1139 728 φέρει

174 767 242 808 των
259 735 300 808 ού
318 737 569 829 προσηκόντων,
595 765 638 818 ως
657 759 776 827 φασιν,
800 733 880 828 ημῖν
902 735 1137 827 μεταδιδόναι;

172 836 268 910 Ἀλλόι
284 843 388 909 ταύτα
405 844 481 929 μέν,
501 829 680 929 ύύνδρες,
699 837 825 927 πολλὴν
842 835 998 908 ἀπιστίαν
1016 844 1092 928 ἔχει.

122 958 156 1010 30
240 937 391 1030 Ἔπειτα,
418 948 450 1011 εἰ
472 941 532 1030 μὲν
555 943 611 1009 καὶ
633 944 698 1010 νύν
720 937 807 1010 οὕτω
830 937 911 1031 πρός
929 936 1136 1029 ἀμφοτέρους
1217 946 1218 1026 λ

172 1035 256 1129 ἡμᾶς
285 1047 371 1131 ἔχων
401 1040 628 1130 ἐτελεύτησεν,
659 1037 770 1130 ὥσπερ
803 1037 858 1111 ὅτε
883 1038 940 1122 τός
971 1039 1138 1130 διαθήκας
1217 1037 1218 1042 ¹

172 1139 294 1222 ταύτας
319 1141 507 1231 ἐποιήσατο,
538 1141 670 1223 εἰκότως
693 1139 736 1212 όν
759 1171 807 1223 τις
830 1138 927 1231 ύμων
948 1140 1139 1211 πιστεύσειε

172 1259 241 1323 τοῖς
258 1241 366 1331 λόγοις
377 1259 446 1324 τοῖς
456 1251 611 1313 τουτωνί·
630 1247 708 1313 νυνὶ
727 1244 765 1313 δὲ
782 1246 850 1314 πᾶν
865 1238 1061 1313 τούναντίον
1080 1238 1138 1312 εύ-

173 1342 297 1434 ρύσετε.
333 1343 407 1414 τότε
423 1345 485 1434 μὲν
502 1340 565 1433 κύρ
583 1350 677 1433 ἔτυχε
694 1353 831 1436 Δεινίᾳ,
849 1339 885 1424 ὃς
902 1339 986 1433 ἡμᾶς
1005 1343 1136 1434 ἐπετρό-

173 1469 270 1533 πευε,
297 1444 454 1536 διάφορος
478 1440 526 1515 νόν
548 1440 629 1534 ἡμῖν
645 1473 682 1515 τε
703 1444 796 1516 ούπω
819 1443 985 1535 χρεόμενος
1007 1443 1139 1524 τούτοις

172 1571 208 1614 τε
237 1542 362 1615 ἅπασιν
392 1550 583 1634 ἐπιτηδείως
607 1552 828 1637 διακείμενος·
857 1550 922 1616 νύν
948 1547 985 1615 δὲ
1006 1543 1138 1616 τούτων

172 1649 234 1735 μέν
256 1667 321 1715 τισι
347 1645 506 1737 διάφορος
531 1651 675 1736 ἐγένετο,
699 1643 779 1737 ἡμῖν
806 1648 843 1719 δὲ
866 1645 1001 1717 πάντων
1019 1649 1139 1736 ἐχρῆτο

121 1773 152 1824 31
172 1745 363 1817 οἰκειότατα.
391 1750 491 1831 καίἰξ
510 1739 559 1818 τόν
576 1749 638 1838 μὲν
649 1745 740 1841 αὐτῷ
750 1746 832 1840 πρὸς
849 1746 986 1828 τούτους
1005 1749 1139 1835 ἐγένετο

172 1843 193 1934 ἡ
220 1847 379 1940 διαφορά,
404 1849 579 1940 περίεργόν
603 1854 670 1920 ἐστι
693 1853 816 1938 λέγειν·
845 1865 965 1938 σημεῖα
986 1845 1028 1918 Ιδ’
1051 1842 1141 1938 ύμῖν

174 1952 238 2037 ε’ρύ
265 1949 408 2040 μεγάλα,
440 1954 516 2042 περὶ
545 1941 593 2021 ύν
616 1953 671 2020 καί
695 1949 862 2042 μύρτνρας
887 1957 950 2039 ἔχω
967 1953 1141 2038 παρασχέ-

172 2061 261 2120 σθαι.
298 2055 430 2141 πρῶτον
447 2050 589 2143 μὲνγὰρ
606 2050 768 2144 θύωντςό
785 2049 960 2144 Διονύσῳ,
984 2052 1039 2122 καὶ
1056 2048 1141 2131 τούς

172 2157 315 2232 οἰκείους
344 2149 491 2233 ἅπαντας
519 2156 658 2234 καλέσας
687 2156 742 2223 καί
766 2156 833 2223 τοῖν
858 2149 969 2222 ἄλλων
991 2155 1142 2222 πολιτῶν

172 2251 332 2340 πολλούς,
363 2255 544 2342 Φερένικον
573 2250 724 2344 ούδαμοῦ
746 2251 980 2346 παρεστήσατο.
1024 2259 1142 2322 ἔπειτα

171 2349 290 2442 μικρόν
314 2355 394 2443 πρὶν
411 2357 604 2442 τελευτῆσαι
622 2361 767 2442 βαδίζων
791 2363 838 2436 εἰς
855 2352 1036 2444 Πύνορμον
1052 2352 1140 2442 μετὰ

171 2449 342 2544 Σίμωνος,
361 2457 422 2526 καί
433 2451 608 2546 συντυχόν
626 2453 732 2550 αύτῷ,
757 2470 949 2546 προσειπεῖν
966 2451 1029 2525 ούκ
1047 2453 1141 2524 ἐτόλ-

119 2585 153 2638 32
169 2577 286 2645 μησεν.
330 2563 378 2628 ἔτι
402 2557 440 2627 δδ
456 2554 538 2648 πρός
555 2556 683 2638 τούτοις
707 2560 965 2647 πυνθανομένου
982 2551 1045 2643 την
1063 2560 1141 2625 δια-

170 2654 280 2748 φορὰν
302 2662 363 2728 τού
386 2665 541 2748 Σίμωνος
562 2657 624 2747 τήν
647 2654 676 2727 τ’
708 2665 833 2749 ἔχθραν
856 2655 1052 2746 διηγήσατο,
1076 2659 1141 2726 καὶ

170 2767 434 2847 προσηπείλησεν
461 2756 512 2829 ὅτι
536 2758 678 2848 δηλιόσοι
701 2754 774 2828 ποτ’
799 2753 842 2830 ἂν
864 2756 971 2850 τούτῳ
996 2752 1040 2838 ύς
1065 2757 1141 2827 διά-

170 2883 275 2927 κειται
291 2857 372 2949 πρός
391 2857 502 2930 αύτόν.
545 2863 612 2930 Καὶ
630 2855 675 2942 εἰς
691 2856 803 2948 ἀληθῆ
819 2863 921 2950 λέγω,
941 2856 1033 2928 κύλει
1052 2857 1139 2950 μύρ-

171 2986 280 3049 πνρας.

549 3127 757 3178 ΜΑΡΤΤΡΕΣ.

118 3279 151 3331 33
247 3273 373 3333 Οἰεσθε
395 3253 474 3353 νύν,
499 3255 678 3357 ύᾶνδρες,
702 3263 761 3336 τόν
783 3261 905 3337 ούτωσί
925 3262 1006 3355 πρός
1025 3267 1140 3335 ἑκατέ-

170 3392 249 3454 ρους
279 3358 362 3454 ημᾶς
394 3370 603 3456 διακείμενον
636 3363 717 3457 ημῖν
750 3370 828 3456 μέν,
865 3363 915 3448 οἷς
949 3363 1141 3436 οἰκειότατα

171 3467 303 3582 ἐχρητο,
331 3461 418 3534 οὕτω
449 3485 557 3539 ποιεῖν
585 3466 669 3538 ωστε
691 3469 775 3558 μηδὲ
804 3467 904 3556 λόγον
926 3462 1137 3554 ύπολειψειν,

328 3567 375 3655 ‘'⁴2',
401 3555 452 3636 τόν
474 3591 539 3639 τισι
556 3572 611 3640 καὶ
630 3558 829 3660 διάφορος
807 3597 866 3658 ην,
890 3584 1028 3639 σκοπεῖν
1044 3562 1139 3648 ὅπως
