2486 3948
431 264 722 325 ΕΠΙΣΤΟΛΑΙ.
991 267 1052 334 201

100 421 211 508 ταύτῃ
232 426 274 505 τῇ
297 418 390 486 πόλει
406 425 566 508 Αἰσχίνην
587 421 647 490 τὸν
666 421 865 512 Ἀτρομήτου
886 427 1053 514 φεύγοντα

101 517 547 606 ἆγανακτελνοίεσθαιδείν,
569 531 640 590 εἴτι
650 526 901 596 τωνεωθοτοιν
908 523 1054 616 Αθηνη
1070 535 1118 594 66²

63 645 83 698 ³
105 633 163 684 σιν
175 620 312 684 ἔπαθεν.
345 612 414 684 ἀλλ’
425 621 527 703 ἔγωγε
543 623 599 687 καί
616 621 769 706 λαμπρὸν
782 622 915 703 εἰκότως
927 651 983 712 μοι
995 652 1054 695 νο-

100 708 264 799 μίσαιμ”“
242 739 285 780 αν
305 710 385 781 αάτό
403 717 576 802 γενέσθαι,
597 713 634 783 τὸ
653 743 712 802 μετ
710 715 869 788 ’ἐκείνων
885 723 922 788 ἐν
939 719 1053 812 ἀδοξίᾳ

102 808 195 896 παρά
213 822 280 890 τοίς
297 816 408 880 ἔπειτα
426 809 621 934 ἀνθρώποις
638 817 692 882 καί
708 813 869 897 ἀξιοςτοιῖ
881 815 979 903 ὅμοια
990 846 1055 886 πα·

103 919 180 976 θειν
191 910 328 988 εκείνοις
338 915 518 994 γεγονεναι

563 1060 592 1118 4.

185 1190 270 1263 Ἐπεὶ
292 1199 386 1262 δοκεῖ
403 1215 460 1262 σοι
472 1196 708 1264 πυνθάνεσθαι
726 1200 799 1283 περὶ
812 1200 1052 1285 Κλεοκράτους,

103 1290 193 1370 ὅστις
203 1293 291 1360 ἐστὶν
302 1288 319 1360 6
330 1293 555 1381 Κλεοκράτης,
570 1294 686 1363 ἀκονε·
708 1297 819 1384 παύση
830 1295 894 1382 γάρ
907 1293 1054 1380 οὐπροί-
1076 1345 1080 1354 .

103 1415 146 1454 κα
165 1397 471 1476 πολυπραγμονεῖν,
494 1389 567 1460 οὐδ’
583 1389 659 1459 άπει
677 1393 757 1479 πρὶν
772 1399 899 1479 μακράς
912 1389 1053 1458 ἀκοῦσαι

103 1486 293 1573 διηγήσεως.
326 1484 363 1554 τὰ
382 1487 443 1572 μὲν
459 1485 524 1574 γάρ
542 1491 636 1573 γένος
648 1491 736 1558 ἐστὶν
749 1486 908 1556 ἀπάντων
919 1487 1052 1574 ἀνδροῖν

98 1575 265 1672 Ἑλλήνων
276 1584 339 1653 οάκ
351 1588 388 1653 ἐν
400 1583 655 1672 άφανεοτάτοις,
671 1583 850 1674 Ἀρίφρονα
861 1582 920 1653 τὸν
932 1587 967 1653 ἐκ
978 1592 1052 1651 Δα-

101 1681 252 1772 μαγήτου
263 1691 296 1750 εί
303 1703 369 1750 πον
380 1681 587 1767 πννθάνοιο,
613 1677 654 1748 ὃν
664 1685 718 1751 καὶ
730 1680 747 1750 6
759 1685 859 1768 μέγας
871 1691 956 1764 αίρει
966 1689 1051 1752 Πίν-
1068 1691 1120 1747 668

102 1783 211 1864 δαρος.
233 1777 302 1848 ἀλλ’
315 1778 403 1859 ὅπως
416 1778 461 1867 μη
472 1782 598 1866 γε’λοιτα
611 1775 816 1866 ὀφλισκάνης
826 1785 948 1864 ζητεῖν,
962 1776 1051 1856 ὅστις

68 1904 87 1954 η
104 1877 194 1944 ἐστὶν
211 1873 228 1944 6
242 1881 417 1962 Πίνδαρος.
450 1877 541 1944 τουτί
556 1875 617 1963 μὲν
633 1872 697 1960 γάρ
717 1873 805 1960 οἶμαι
822 1872 873 1940 ὅτι
888 1877 944 1941 καὶ
961 1871 1051 1962 παρὰ

104 1979 242 2058 Μαντίᾳ
263 1981 307 2064 τῷ
329 1981 558 2061 γραμματιστῇ
580 1972 647 2060 άμα
675 1977 748 2060 ἐμοί
767 1996 847 2039 ποτε
870 1977 992 2058 ἔμαθες
1013 1973 1049 2040 τὰ

87 2068 254 2156 γράμμα·
273 2074 325 2139 καλ
338 2079 368 2142 εί
382 2070 523 2158 μηδενός
534 2077 580 2140 ἔτι
597 2080 664 2141 τοῖν
675 2069 762 2157 παρά
777 2077 912 2161 Μαντίμ
923 2096 1052 2160 μνημο-

92 2168 228 2256 νεύεις,
246 2172 282 2237 ἐν
293 2179 378 2255 γοῦν
396 2185 465 2252 ταῖς
476 2174 660 2258 ἐκκλησίαις
671 2171 886 2241 Μελανοῖπον
898 2171 1051 2242 ἑκάστοτε

103 2265 237 2347 ἀκούεις
247 2273 400 2355 λέγοντος
411 2263 462 2358 „66
473 2273 525 2338 ταὶ
538 2273 672 2356 λιπαραὶ
679 2272 733 2340 καὶ
746 2269 889 2358 ἀοίδιμοι
897 2269 1051 2348 Ἑλλάδος

70 2387 88 2442 3
104 2363 222 2452 ἔρεισμ’
234 2365 407 2452 Ἀθάναι,“
418 2372 473 2438 καὶ
486 2367 537 2439 ὅτι
543 2371 784 2454 Πινδάροντοῦ
790 2375 939 2456 Θηβαίου
950 2374 1049 2435 τοῦτο
1067 2371 1119 2428 669

84 2517 87 2524 .
101 2463 138 2532 τὸ
148 2468 309 2551 ἔποςέστὶ,
318 2469 480 2554 λέγοντος,
488 2469 542 2535 καὶ
554 2467 603 2536 ὅτι
615 2470 797 2551 ἐζημίωσαν
804 2462 906 2531 αὐτὸν
913 2469 1050 2550 Θηβαῖοι

102 2571 202 2633 τοῦτο
215 2567 399 2654 ποιήσαντα
411 2567 447 2635 τὸ
460 2572 557 2653 ἔπος,
574 2569 609 2634 οί
617 2565 652 2633 δὲ
664 2563 814 2652 ἡμέτεροι
826 2563 987 2649 πρόγονοι
999 2566 1051 2629 δι-

101 2671 190 2750 πλῆν
201 2661 291 2752 αάτρῖ
301 2665 363 2752 τὴν
375 2671 491 2751 ζημίαν
499 2664 668 2734 ἀπέδοσαν
689 2660 771 2749 μετά
795 2669 858 2729 τοιῖ
874 2663 929 2730 καί
946 2663 1051 2728 είκόνι

101 2773 208 2852 χαλκῇ
218 2775 365 2852 τιμῆσαι·
394 2767 449 2834 καὶ
459 2759 505 2852 ἦν
515 2762 598 2851 αὕτη
610 2765 665 2832 καὶ
676 2769 723 2841 είς
733 2759 819 2849 ἡμεῖς
829 2765 892 2845 ἔτι,
915 2758 1051 2847 πρὸτῆς

101 2869 272 2949 βασιλείου
281 2870 388 2945 στοάς,
401 2861 592 2949 καθήμενος
602 2861 760 2947 ἐνδάματι
772 2861 826 2928 καί
837 2860 924 2948 λάρᾳ
936 2856 953 2926 6
964 2863 1050 2926 Πίν-

102 2966 219 3047 δαρος,
238 2963 380 3048 διάδημα
396 2963 545 3048 ἔχεινκαὶ
561 2963 613 3030 ἐπὶ
623 2967 690 3028 τοῖν
701 2959 853 3045 γονάτων
864 2955 1049 3042 άνειλιγμέ-

67 3070 164 3125 δνον
179 3061 319 3143 βιβλίον.
354 3051 452 3140 οὗτος
471 3058 511 3146 δη
530 3057 547 3127 6
565 3061 732 3145 Πίνδαρος
752 3056 955 3142 Δαμάγητον
978 3052 1051 3141 ᾅδει

103 3157 247 3239 ἐκεῖνον,
260 3159 306 3233 είς
318 3153 357 3222 δν
368 3154 531 3226 ἀνατείνει
541 3158 580 3226 τά
590 3157 821 3242 Κλεοκράτονς
832 3156 935 3238 γένος.
966 3155 1051 3237 λέγει

102 3257 141 3320 δι’
149 3276 216 3320 που
227 3249 245 3318 6
258 3249 359 3332 αὐτὸς
370 3258 537 3341 Πίνδαρος
547 3257 601 3322 καὶ
611 3253 651 3321 τά
664 3253 739 3338 περὶ
749 3250 1050 3334 τούςΔιαγορείοος

101 3351 156 3418 καὶ
167 3348 207 3420 τά
218 3353 293 3435 περὶ
304 3350 366 3437 τὴν
382 3358 580 3439 πρεσβῦτιν,
601 3342 641 3437 ἧς
658 3349 695 3419 τὸ
713 3354 867 3438 μητρῷον
878 3345 985 3414 αὐτοῦ
994 3349 1050 3429 γέ-

101 3474 158 3527 νος
169 3446 312 3517 ἀπτεται.
347 3449 402 3516 καὶ
420 3453 451 3516 εί
466 3447 509 3536 μη
529 3449 660 3536 σφόδρα
677 3445 772 3536 ᾔδειν
788 3450 935 3532 ποιητοῖο
946 3439 1050 3523 ἀπέρ-
