2442 3948
209 234 250 296 94
630 225 760 280 1260oe
1074 224 1126 276 οε.
1143 227 1164 274 ι.
1206 197 1207 202 ‘

209 397 378 470 στούντων
396 400 455 488 ἐμέ
467 425 503 468 τε
520 394 581 468 ούκ
593 393 821 488 ἀγνοούντων,
839 393 889 467 ὅτι
906 387 949 484 ἦν
967 400 1000 480 ἐξ
1020 393 1167 485 άδελφης

209 496 300 592 αύτῷ
321 497 482 588 γεγονώς,
509 497 712 590 έγγράφουσί
732 526 772 588 με
796 505 843 578 είς
865 495 902 567 τό
925 494 1045 568 κοινόν
1069 525 1166 588 γραμ-

209 616 343 689 ματεῖον
360 597 582 688 ψηφισάμενοι
599 599 737 688 πάντες,
766 599 938 678 έπνθέντος
956 602 1095 668 ἐκείνου
1112 594 1167 684 τὴν

208 709 320 771 πίστιν
337 697 452 771 καθ’ί
437 702 545 822 ίεροῖν.
581 702 637 770 καὶ
654 697 741 770 οὕτω
758 700 820 788 μὲν
835 693 904 768 ύπό
920 702 1043 783 ζῶντος
1064 695 1209 817 έποιη·

207 813 293 891 θην,
311 804 367 870 καὶ
385 798 481 881 είς
448 829 484 870 το
501 797 616 872 κοινάν
631 816 854 892 γραμματείου
871 797 1066 889 ἐνεγράφην
1087 796 1209 914 Θρά·

208 911 327 982 συλλος
350 897 615 991 Ἀπολλοδώρου,
642 901 865 989 ποιησαμένου
882 927 923 972 ωε
941 903 1078 970 ἐκείνου
1097 902 1165 968 τού-

209 1031 267 1072 του
291 998 349 1071 τόν
374 999 511 1092 τρόπον,
537 1004 604 1071 τοῖν
628 999 741 1090 νόμων
766 996 856 1093 αύτφ
844 997 1086 1070 δεδωκότων.
1118 994 1166 1076 ίίς

211 1099 245 1171 δ’
263 1098 374 1189 άληθη
390 1105 492 1191 λέγω,
511 1104 596 1188 λαβέ
609 1130 663 1191 μοι
681 1098 738 1182 τάς
755 1109 944 1236 μαρτυρίας.

481 1261 494 1268 ”
580 1266 792 1317 ΜΑΡΤΤΡΙΑΙ.

159 1416 191 1468 18
286 1405 385 1510 Οἶμαι
408 1413 543 1493 τοίνυν,
571 1396 599 1474 6
623 1403 760 1497 ἄνδρες,
787 1408 912 1496 μάλλον
935 1400 978 1475 άν
994 1401 1087 1495 ὑμᾶς
1104 1407 1172 1504 '⁰56

208 1503 471 1595 μεμαρτυρηκόσι
503 1504 687 1596 πιστεύειν,
721 1509 777 1577 καὶ
807 1511 927 1586 οἵτινες
952 1509 1022 1576 τιόν
1048 1503 1174 1595 ὁμοίως·
1210 1507 1211 1516 ’

208 1604 442 1697 προσηκόντων
479 1611 586 1696 ἔργοις
616 1611 767 1697 φανεροῖς
799 1604 1095 1729 μεμαρτυρήκασιν
1126 1598 1164 1682 ὦς

210 1710 334 1786 ἐκεῖνος
355 1710 459 1776 ταῦτα
480 1702 591 1828 ὀρθῶς
614 1710 670 1778 καί
691 1706 773 1777 κατά
795 1705 873 1787 τούς
895 1705 1018 1797 νόμους
1037 1709 1161 1796 ἔπραξε

209 1804 424 1876 κατέλιπε
384 1836 448 1898 γορ
472 1805 619 1888 Εύπολις
640 1810 828 1898 θυγατέρας
847 1805 908 1877 δύο
916 1805 1078 1896 ,ταύτην
1095 1798 1212 1889 τεῆ

207 1910 272 1978 νύν
297 1904 500 1998 άμφισβητεί
522 1911 577 1980 καὶ
603 1907 774 1999 Προνύπει
797 1924 961 1997 συνοικεῖ,
988 1912 1045 1979 καὶ
1064 1905 1161 2036 ἄλλην

207 2037 250 2098 ην
267 2015 364 2099 ἔσχεν
380 2005 572 2099 Αίσχίνης’
556 2037 574 2079 ο
592 2007 772 2097 Λουσιεύς,
799 2037 820 2097 η
813 2006 1070 2096 τετελευτηκεν
1093 2002 1161 2076 υίὸν

158 2122 190 2175 19
207 2106 313 2199 ἄνδρα
329 2107 395 2198 ἤδη
406 2112 643 2198 καταλιποῦσα,
655 2108 903 2200 Θρασύβουλον.
931 2117 998 2178 ἔστι
1019 2106 1161 2196 δὲνύμος

207 2205 259 2296 ὃς,
286 2207 343 2278 ἐάν
365 2206 508 2298 άδελφός
531 2206 706 2300 ὁμοπάτωρ
728 2206 827 2291 ἅπαις
850 2207 1029 2300 τελευτήση
1048 2211 1105 2280 καί
1121 2201 1160 2294 μη

82 2341 86 2348 “
209 2311 421 2398 διαθέμενος,
445 2308 507 2397 τήν
528 2336 564 2378 τε
586 2306 737 2398 ἀδελφὴν
757 2305 895 2400 ὁμοίως,
920 2305 982 2381 κάν
1001 2314 1033 2393 έξ
1055 2311 1160 2397 ἑτέρας

207 2406 409 2498 ἀδελφιδοῦς
439 2400 462 2497 ᾗ
489 2407 650 2499 γεγονός,
680 2417 868 2501 ἰσομοίρους
894 2414 962 2481 των
989 2407 1159 2501 χρημάτων

208 2518 392 2599 καθίστησι.
434 2512 490 2581 καὶ
512 2514 609 2581 τούτο
632 2507 695 2581 ούκ
717 2508 943 2600 άγνοούμενόν
967 2515 1059 2582 ἐστιν
1083 2504 1158 2580 ούδὲ

208 2607 290 2702 παρ’
310 2608 422 2693 αὐτοῖς
439 2609 573 2693 τούτοις.
610 2619 696 2706 έργφ
713 2610 776 2704 γάρ
793 2601 886 2684 οὗτοι
902 2609 1051 2703 φανερόν
1069 2611 1157 2681 τούτο

121 2717 130 2734 ’
208 2711 418 2802 πεποιήκασι
437 2716 498 2785 τού
513 2710 576 2804 γάρ
593 2710 780 2793 Ειύπύλιδος
790 2716 880 2794 υίέος
896 2708 1035 2793 ἄπαιδος
1051 2709 1158 2783 ’Λπολ-

208 2811 357 2903 λοδούρου
381 2812 636 2902 τελευτήσαντος
659 2811 782 2884 τάί
722 2810 782 2904 ἡμί
782 2839 842 2884 σεα
859 2810 1148 2904 Θρασύβουλοςί
1118 2835 1156 2876 ε·

208 2921 331 3000 ληφευ,
363 2909 478 2993 ούσίας
508 2917 565 2984 καί
596 2913 855 2985 πεντεταλάντου
887 2918 1157 3003 καταλειφθείσης

156 3027 190 3078 20
208 3017 339 3134 ῥηιδίως.
380 3011 542 3105 πατρῴων
564 3005 691 3135 μὲν
648 3042 711 3085 ουν
740 3017 796 3085 καὶ
818 3012 968 3104 άδελφού
990 3011 1157 3138 χρημάτων

207 3110 243 3182 τὰ
262 3124 335 3183 ίσον
358 3108 470 3194 αύτοις
495 3109 512 3184 ὁ
537 3111 636 3202 νόμος
653 3133 827 3205 μετασχεῖν
845 3121 999 3185 δίδωσιν·
1024 3107 1157 3197 ἄνεψιού

210 3216 263 3303 δέ,
282 3217 338 3284 καὶ
356 3225 389 3283 εί
402 3241 451 3295 τις
469 3219 529 3298 ἐξω
547 3213 667 3303 ταύτης
690 3245 747 3304 της
764 3223 958 3305 συγγενείας
976 3219 1082 3302 ἐστίν,
1099 3203 1155 3282 ούί

208 3268 298 3404 ίσόν,
325 3311 408 3385 άλλά
433 3317 601 3406 προτέροις
625 3333 694 3398 τοῖς
720 3315 834 3407 ἄρρεσι
856 3321 923 3387 ταῖν
939 3321 1086 3404 θηλειῶν
1101 3334 1155 3429 την

207 3411 395 3506 άγχιστείαν
421 3424 586 3539 πεπρίηκε.
633 3420 721 3506 λέγει
750 3417 814 3508 γάρ
846 3433 1004 3507 ,,κρατεῖν
1027 3418 1064 3486 δὲ
1085 3405 1153 3484 τούς

207 3512 348 3609 ἄρρενας
367 3519 422 3587 καὶ
438 3515 515 3599 τούς
534 3520 634 3588 ἐκ
587 3547 654 3590 των
671 3515 837 3609 άρρένων,
857 3512 925 3589 οἲ”
906 3546 948 3587 αν
966 3521 1002 3586 ἐκ
1017 3519 1085 3586 τοῖν
1103 3503 1153 3582 αὖ
