2510 3948
189 289 251 356 156
530 289 785 347 ΑΙΣΧΙΝΟΥ

188 453 309 539 γόρευε
326 449 405 528 τούς
421 445 663 534 ἱερομνήμονας
678 447 733 514 καὶ
750 444 963 530 πυλαγόρους
983 444 1081 532 ἥκειν
1098 454 1155 526 εἰς

189 552 250 620 τόν
271 546 375 618 αὐτόν
392 546 497 616 τόπον
519 545 752 633 βοηθήσοντας
767 552 814 632 τρῖ
829 551 902 630 θεῷ
918 546 974 614 καὶ
991 553 1032 632 τῇ
1049 554 1095 632 γῇ
1107 554 1154 634 τῇ

121 667 172 721 515
188 653 276 737 ίερᾷ·
298 646 392 734 ,ἥτις
410 644 440 714 δ’
456 641 499 712 ἐν
510 645 554 731 μὴ
574 652 664 731 παρῇ
681 645 791 726 πόλις,
815 648 954 731 εἴρξεται
972 652 1035 712 τοῦ
1053 648 1157 728 ἱεροῦ

188 749 245 816 καὶ
255 743 375 833 ἐναγὴς
393 751 483 813 ἐσται
501 747 555 812 καὶ
573 751 612 831 τῇ
623 741 688 832 ἐρᾷ
706 747 865 830 ἐνοχος.“,
884 751 923 831 τῇ
936 748 972 812 δὲ
985 739 1152 832 ὑστεραίᾳ
1174 765 1218 817 123

188 846 314 932 ἥκομεν
324 848 433 913 ἕωθεν
444 848 489 921 είς
499 842 560 910 τόν
570 843 812 928 προειρημένον
828 841 933 909 τόπον
939 891 949 925 ,
973 843 1030 910 καὶ
1048 845 1153 910 κατέ-

189 953 297 1033 βημεν
313 951 359 1022 εἰς
374 938 411 1010 τό
424 949 589 1026 Κιρραῖον
606 944 738 1023 πεδίον,
760 942 816 1008 καὶ
832 938 893 1008 τόν
910 944 1030 1026 λιμένα
1042 968 1151 1008 κατα-

190 1043 376 1123 σκάψαντες
403 1038 537 1118 καὶτὰς
560 1045 664 1117 οἰκίας
695 1037 921 1124 ἐμπρήσαντες
950 1036 1151 1126 ἀνεχωροῦ-

188 1167 260 1228 μεν.
309 1146 412 1208 ταῦτα
449 1139 485 1208 δὲ
516 1135 611 1223 ἡμῶν
643 1135 858 1220 πραττόντων
889 1140 924 1204 οί
954 1139 1083 1222 Λοκροὶ
1117 1141 1153 1205 οί

186 1238 384 1326 Ἀμφισσεῖς,
406 1236 563 1324 ἐξήκοντα
579 1235 696 1303 στάδια
718 1233 857 1304 ἄπωθεν
867 1242 1039 1314 οἰκοῦντες
1054 1245 1151 1304 Δελ-

188 1344 282 1422 φῶν,
310 1326 396 1422 ἧκον
419 1331 502 1416 πρὸς
529 1330 614 1418 ἡμᾶς
641 1329 716 1418 μεθ’
739 1331 853 1401 ὅπλων
874 1338 1051 1420 πανδημεί·
1083 1335 1144 1400 καὶ

188 1443 218 1504 εί
238 1433 282 1520 μὴ
306 1433 419 1522 δρόμφ
442 1431 535 1516 μόλις
556 1429 760 1514 ἐξεφύγομεν
780 1436 827 1508 εἰς
847 1430 1024 1517 Δελφούς,
1051 1435 1144 1500 ἐκιν-

189 1532 399 1617 δυνεύσαμεν
420 1527 614 1596 ἀπολέσθαι.
649 1538 691 1617 τῇ
712 1529 748 1597 δὲ
769 1529 909 1618 ἐπιούσῃ
925 1528 1032 1620 ἡμέρᾳ
1053 1531 1206 1604 Isth-124

187 1657 294 1716 τυφος
321 1627 339 1697 ὁ
367 1625 426 1707 τός
454 1624 590 1712 γνόμας
611 1629 817 1714 ἐπιψηφίζων
843 1632 1021 1715 ἐκκλησίαν
1049 1633 1145 1697 ἐποί-

189 1755 218 1796 ει
239 1735 307 1797 τῶν
330 1725 598 1813 Ἀμφικτυόνων·
632 1729 810 1812 ἐκκλησίαν
828 1727 892 1812 γὰρ
909 1725 1143 1814 ὀνομάζουσιν,

187 1826 270 1897 όταν
288 1825 333 1913 μή
356 1826 463 1913 μόνον
484 1824 563 1904 τοὺς
584 1825 797 1911 πυλαγόρους
815 1829 871 1894 καὶ
891 1823 1142 1913 τοδςίερομνή-

188 1930 568 2013 μοναςσυγκαλέσωσιυ,
590 1922 673 1992 ἄλλα
691 1928 746 1991 καὶ
763 1923 842 2004 τούς
860 1924 1075 2004 συνθύοντας
1085 1929 1140 1993 καὶ
1245 1931 1246 1962 ¹

187 2027 379 2108 χρωμένους
388 2030 436 2112 τῷ
446 2030 526 2111 θεῷ.
550 2019 683 2089 ἐνταῦθ’
694 2021 717 2108 ἤ
719 2025 759 2107 δη
771 2024 889 2090 πολλαὶ
898 2021 960 2108 μὲν
970 2026 1138 2108 ἐγίγνοντο

189 2128 256 2185 τῶν
263 2117 472 2203 Ἀμφισσέων
482 2128 690 2206 κατηγορίαι,
711 2115 817 2200 πολὺς
835 2120 868 2187 δ’
880 2125 1015 2200 ἔπαινος
1024 2113 1070 2206 ἦν
1079 2145 1141 2186 κα-

187 2214 228 2283 τὰ
239 2223 297 2301 τῆς
308 2213 466 2300 ἡμετέρας
484 2219 626 2296 πόλεως·
656 2221 747 2297 τέλος
765 2217 802 2285 δὲ
818 2214 943 2297 παντὸς
959 2218 1139 2304 τοῦλόγου

187 2319 385 2401 ψηφίζονται
395 2313 577 2401 ἥκειυτούς
587 2307 830 2403 ἱερομνήμονας
840 2315 903 2403 πρό
914 2325 973 2405 τῆς
983 2318 1139 2405 ἐπιούσης

119 2423 170 2480 ⁶16
187 2420 328 2492 πυλαίας
350 2416 386 2482 ἐν
408 2413 497 2503 ῥητῷ
517 2413 626 2503 χρόνῳ
645 2418 690 2494 είς
702 2415 839 2500 Πύλας,
863 2420 996 2500 ἔχοντας
1019 2413 1138 2502 δόγμα,

187 2511 263 2582 καθ’
275 2512 294 2582 ό
305 2538 336 2580 τι
348 2517 442 2599 δίκην
452 2511 620 2580 δυ’σουσιν
630 2517 664 2580 οί
671 2509 858 2599 Ἀμφισσεῖς
870 2510 953 2596 ὑπὲρ
965 2502 1014 2579 όν
1023 2518 1070 2592 εἰς
1080 2513 1139 2580 τὸν

187 2607 1140 2699 θεὸνκαὶτὴνγηντηνίεράνκαδτοδςἈμφικτόουαςέξή-

187 2735 323 2797 μαρτον.
341 2707 392 2777 ότι
403 2710 439 2777 δέ
451 2709 560 2797 ἐληθῆ
573 2712 668 2797 λέγω,
676 2709 904 2798 ἀναγνώσεται
914 2708 992 2797 ὑμῖν
1003 2708 1021 2780 ὁ
1032 2737 1140 2799 γραμ-

187 2805 309 2894 ματεύς
319 2804 355 2874 τό
367 2809 530 2895 ψήφισμα.
906 2885 909 2890 ,

548 2913 780 2976 ΨΗΦΙΣΜΑ.

274 3009 343 3070 Τοῦ
360 2999 522 3087 δόγματος
538 3006 662 3074 τούτου
681 3005 908 3086 ἀποδοθέντος
925 3003 982 3093 ὑφ’
995 3002 1086 3095 ἡμῶν
1097 3009 1135 3075 ἐν
1149 3041 1192 3093 12³·

186 3108 227 3187 τῇ
240 3109 348 3190 βουλῇ
365 3104 420 3170 καὶ
436 3101 538 3170 πόλιν
549 3107 586 3172 ἐν
603 3113 644 3194 τῇ
660 3109 833 3196 ἐκκλησία,
858 3108 913 3173 καὶ
929 3104 988 3185 τὰς
1004 3103 1134 3189 πράξεις

186 3195 282 3286 ἡμῶν
293 3196 541 3287 ἀποδεξαμένου
556 3212 619 3272 τοῦ
629 3204 738 3290 δήμου
755 3208 810 3274 καὶ
820 3214 879 3292 τῆς
889 3206 1018 3284 πόλεως
1031 3205 1134 3291 πάσης

186 3304 452 3388 προαιρουμένης
463 3299 628 3388 εὐσεβεῖν,
650 3307 704 3374 καὶ
714 3309 959 3394 Δημοσθένους
975 3301 1059 3387 ὑπὲρ
1074 3310 1133 3370 τοῦ

186 3399 562 3484 μεσεγγυήματοςτοῦέξ
571 3399 749 3489 Ἀμφίσσης
757 3401 1131 3490 ἆντιλέγοντοςκαὶέμοῦ

187 3503 341 3576 φανερῶς
360 3500 512 3566 ἐναντίον
523 3497 620 3585 όμων
638 3503 877 3587 ἐξελέγχοντος,
902 3500 1012 3587 ἐπειδὴ
1027 3503 1062 3569 ἐκ
1073 3507 1129 3568 τοῦ
