2474 3946
351 299 482 356 ΚΑΤΑ
506 299 774 358 ΤΙΜΑΡΧΟΤ.
998 299 1040 363 49

130 459 175 546 μῆ
187 455 247 544 ἐμά
260 464 331 525 σῶν
337 455 510 524 ἀπάνευθε
520 456 697 542 τιθήμεναι
709 455 809 543 ὀστέ’,
819 455 978 547 Ἀχιλλεῦ,

130 554 265 624 ἀλλ’ἵνα
278 558 340 641 πέρ
351 576 388 623 σε
398 557 455 624 καὶ
466 553 570 622 αὐτόν
581 551 676 640 ὁμοίη
689 569 766 642 γαῖα
783 556 941 644 κεκεάθη,

128 657 260 742 χρυσέῳ
270 656 309 721 ἐν
320 651 519 740 ἀμφιφορεῖ,
532 653 593 720 τόν
603 679 654 721 τοι
666 652 749 738 πόρε
760 654 881 722 πότνια
891 655 1008 742 μῆτηρ.

131 749 176 830 ὦς
187 747 274 838 ὁμοῦ
283 751 467 838 ἐτράφεμέν
478 775 541 835 περ
552 754 589 819 ἐν
600 747 786 838 ὑμετέροισι
796 752 959 838 δόμοισιν,

131 842 207 916 εὖτέ
216 875 257 934 με
268 848 396 918 τυτθόν
408 848 506 917 ἐόντα
516 855 695 928 Μενοίτιος
706 852 738 930 ἐξ
747 847 922 929 Ὀπόεντος

128 946 255 1035 ῆγαγεν
265 944 457 1034 ὑμέτερόνδ’
473 945 712 1034 ἀνδροκτασίης
723 945 789 1014 ὕπο
803 955 944 1036 λυγρῆς,

129 1047 229 1133 ῆματι
240 1054 303 1134 τῷ,
317 1046 372 1114 ὅτε
386 1052 487 1114 παῖδα
498 1049 700 1114 κατέκτανον
706 1044 984 1133 Ἀμφιδάμαντος,

130 1145 265 1230 νῆπιος,
283 1141 345 1212 οὐκ
357 1147 501 1229 ἐθέλων,
518 1141 598 1230 ἀμφ’
610 1142 847 1229 ἀστραγάλοισι
861 1152 1036 1231 χολωθείς·

130 1247 216 1310 ἔνθα
229 1267 269 1328 με
281 1243 457 1328 δεξόμενος
468 1244 505 1310 ἐν
516 1242 668 1328 δώμασιν
679 1241 801 1308 ίππότα
812 1240 944 1327 Πηλεύς

128 1345 248 1428 ἔτρεφέ
255 1338 280 1409 τ’
292 1345 455 1421 ἐνδυκέως
470 1343 525 1411 καί
536 1339 598 1409 σόν
608 1337 790 1429 θεράποντ’
802 1337 984 1426 ὀνόμηνεν·

131 1436 176 1520 ὥς
187 1443 221 1508 δὲ
232 1444 287 1510 καλ
298 1438 395 1509 ὀστέα
406 1449 490 1509 νόιν
502 1439 568 1528 ὁμὴ
581 1440 682 1528 σορός
693 1440 951 1528 ἀμφικαλύπτοι.

16 1579 66 1631 150
83 1552 132 1634 (ὃς
149 1563 266 1622 τοίνυν
282 1559 360 1640 ἐξῆν
375 1549 419 1620 ἀν
437 1551 529 1641 αὐτῷ
546 1561 700 1640 σωθῆναι
718 1555 762 1642 μῆ
776 1559 1036 1645 τιμωρησαμένῳ

81 1651 145 1722 τόν
163 1660 224 1720 τοῦ
241 1652 442 1733 Πατρόκλου
459 1651 627 1734 θάυατον,
651 1649 844 1742 ἀνάγνωθι,
868 1650 890 1720 ἀ
912 1657 999 1739 λέγει
1016 1652 1037 1742 ῆ

82 1754 187 1830 Θέτις.

126 1862 305 1949 ὠκύμορος
316 1863 357 1948 δή
372 1888 428 1948 μοι
440 1865 532 1940 τέκος
545 1867 671 1944 ἔσσεαι,
683 1857 727 1928 οἷ’
739 1859 925 1947 ἀγορεύεις·

126 1963 247 2032 αὐτίκα
258 1961 322 2047 γάρ
333 1987 385 2029 τοι
395 1967 505 2029 ἔπειτα
520 1957 593 2046 μεθ’
604 1959 746 2043 Ἕκτορα
763 1961 887 2047 πότμος
899 1963 1034 2049 ε’τοίμος.
1127 2031 1128 2036 ,

125 2058 229 2148 τὴνδ’
246 2054 326 2128 αὖτε
337 2063 511 2146 προσέειπε
522 2059 691 2145 ποδάρκης
703 2061 772 2137 δῖος
782 2056 959 2146 Ἀχιλλεύς·

127 2160 245 2230 αὐτίκα
256 2164 428 2245 τεθναίην,
441 2160 510 2225 ἐπεὶ
522 2155 584 2227 οόκ
595 2154 644 2242 ἀρ’
657 2162 795 2246 ἔμελλον
805 2160 921 2249 ἑταίρω

127 2260 325 2346 κτεινομένῳ
337 2261 518 2343 ἐπαμῦναι,
532 2255 553 2325 ό
562 2282 618 2343 μοι
629 2257 716 2325 πολι)
728 2264 883 2343 φίλτατος
893 2264 997 2328 ἐσκεν.

21 2377 65 2431 151
150 2369 187 2438 ‘0
198 2378 313 2440 τοίνυν
324 2368 462 2450 οὐδενός
472 2361 574 2457 ἧττον
584 2370 689 2456 σοφός
699 2379 921 2457 τῶνποιητοδν
931 2371 1037 2455 Εόρμ

83 2474 200 2556 πίδης,
221 2471 258 2538 έν
280 2477 400 2538 τιτῶν
421 2476 605 2537 καλλίστων
627 2467 877 2554 ὑπολαμβάνων
900 2469 985 2538 εἶναι
1000 2472 1038 2540 εδ

84 2567 269 2655 σωφρόνως
281 2570 377 2652 ἐρᾶν,
396 2569 433 2634 ἐν
444 2564 541 2654 εὐχῆς
551 2571 642 2652 μέρει
653 2563 713 2634 τὸν
725 2572 829 2649 ἔρωτα
841 2569 1040 2654 ποιούμενος

83 2672 172 2755 λέγει
182 2690 264 2734 που·

127 2778 191 2852 ὁδ’
204 2786 250 2860 είς
260 2781 297 2848 τὸ
309 2787 449 2866 σῶφρον
459 2774 506 2845 ἐπ’
520 2775 642 2864 ἀρετῆν
654 2773 678 2844 τ’
692 2775 784 2864 ἀγων
794 2782 876 2866 ἐρως
1057 2812 1107 2867 154

124 2878 268 2968 ζηλωτός
278 2878 526 2966 ἀνθρώποισιν,
541 2869 590 2945 τόν
601 2886 673 2966 είην
683 2877 758 2964 έγοό.

27 3011 69 3065 152
83 2995 312 3063 πάλιντοίνυν
323 2991 341 3062 ὁ
354 2990 455 3072 αότδς
464 2995 502 3062 έν
512 2999 560 3082 τῷ
571 2997 702 3060 Φοίνικι
712 2990 943 3078 ἀποφαίνεται,
955 2990 1038 3078 ὑπὲρ
1116 3049 1120 3058 .

83 3103 141 3181 τῆς
150 3097 373 3182 γεγενημένης
385 3091 476 3183 αὐτῷ
487 3085 570 3176 πρὸς
579 3089 640 3161 τδν
651 3096 774 3174 πατέρα
786 3095 941 3178 διαβολῆς
953 3091 1039 3162 ἀπο-

84 3193 290 3279 λογούμενος
300 3195 355 3262 καὶ
365 3190 532 3273 ἀπεθίζων
542 3191 621 3270 τοὺς
637 3189 842 3276 ἀνθρώπους
852 3191 897 3276 μῆ
910 3195 942 3272 ἐξ
953 3190 1038 3260 ὑπο-

48 3294 53 3302 ’
85 3297 162 3372 ψίας
178 3290 256 3379 μηδ’
277 3295 312 3360 ἐκ
331 3296 503 3379 διαβολῆς,
525 3289 593 3359 ἀλλ’
613 3293 650 3360 ἐκ
667 3298 730 3359 τοῦ
746 3296 823 3375 βίου
840 3287 899 3368 τάς
917 3297 1039 3374 κρίσεις

85 3399 271 3459 ποιεῖσθαι·

126 3503 385 3655 ῆδῆέδεὶἑιιρέςλῶν
395 3501 525 3594 ᾑρέθην
537 3507 647 3590 λόγων
657 3502 780 3589 κριτῆς,
867 3599 887 3655 4
