2442 3948
155 247 196 310 76
564 238 693 292 πονου
1018 240 1070 291 02.
1087 239 1114 293 ο.

152 409 234 536 ὑμῖν
250 415 355 482 ταῦτα
379 408 711 532 μεμαρτυρηκότας.
720 406 775 480 ὅτε
792 407 855 500 γὰρ
873 406 943 479 κί’
923 419 1114 503 ανακρίσεις

153 504 240 602 ήσαυ
257 510 338 603 πρὸς
362 515 411 605 ¹93
435 509 569 604 ἀρχοντι
595 499 711 580 καὶ
667 538 761 580 ουτοι
778 508 1093 600 παρακατέβαλον
1068 541 1114 595 ως

152 609 239 704 ὑπὲρ
263 621 412 738 γνησίων
436 609 538 683 τοῖνδ’
565 609 777 700 Εὐκτήμονος
793 608 917 700 ὄντων,
945 611 1115 703 ἐρωτώμε-

151 743 205 786 νοτ
221 709 284 803 νφ’
303 709 397 803 ήμων
413 720 463 793 τίς
483 722 556 801 εἴη
550 709 664 782 αὐταῖν
674 710 780 802 μήτηρ
791 707 883 782 καὶ”
863 739 942 782 οτου
959 710 1115 804 θυγάτηρ

151 811 215 886 οὐκ
233 815 321 905 εἶχον
338 810 519 902 ἀποδεῖξαι,
539 807 888 904 διαμαρτυρομένων
868 839 963 937 ημων
980 816 1036 883 καὶ
1053 818 1117 884 τοῦ

151 913 308 1007 ἄρχοντος
333 912 526 994 κελεύοντος
551 909 795 1003 ἀποκρίνασθαι
818 910 902 982 κατά
916 910 975 984 τδυ
999 913 1112 1003 νόμον.

151 1012 297 1087 καίτοι”
275 1040 414 1102 ατοπον,
442 1042 468 1083 ω
454 1004 622 1106 ανδρες,
648 1010 869 1102 ἀμφισβητεῖν
886 1009 990 1103 μὲν
965 1042 1009 1095 ως
1026 1010 1114 1106 νπὲρ

151 1123 299 1204 γνησίαν
322 1117 378 1185 καὶ
401 1121 654 1206 διαμαρτυρεῖν,
678 1117 801 1204 μητέρα
826 1111 909 1184 δὲ
886 1142 908 1203 η
930 1143 978 1196 τις
1000 1104 1045 1203 ήν
1068 1113 1114 1206 μή

153 1223 241 1306 ἔχειν
266 1212 454 1304 ἀποδεῖξαι,
486 1216 571 1306 μηδὲ
599 1213 806 1305 προσήκοντα
832 1211 944 1296 αὐτοῖς
974 1219 1112 1306 μηδένα.

102 1329 135 1383 13
152 1313 235 1388 ἀλλά
251 1315 325 1387 τότε
342 1319 403 1406 μὲν
414 1323 569 1405 Λημνίαν
580 1314 784 1404 σκηψάμενοι
800 1313 926 1404 ταύτην
943 1312 1114 1405 ἀναβολήν

154 1415 363 1507 ἐποιήσαντο·
391 1414 428 1487 τὰ
455 1413 487 1485 δ’
514 1413 656 1505 ὕστερον
681 1412 816 1505 ἥκοντες
835 1423 881 1496 εἰς
898 1414 960 1505 τήν
977 1413 1114 1507 ἀνάκρι-

153 1538 223 1606 σιν,
250 1520 331 1608 πρὶν
356 1525 415 1587 καί
428 1545 502 1587 τινα
520 1520 670 1607 ἐρέσθαι,
698 1513 802 1597 εάθάς
820 1523 934 1605 ἔλεγον
955 1513 1005 1588 ὅτι
1023 1526 1114 1587 Καλ-

152 1626 256 1706 λίππη
272 1615 396 1707 μήτηρ,
423 1613 507 1706 αὕτη
526 1614 558 1686 δ’
587 1626 638 1706 εἴη
655 1618 856 1700 Πιστοξέυου
873 1615 1041 1707 θυγάτηρ,
1067 1613 1115 1700 οἷς

154 1721 326 1809 ἐξαρκέσον
353 1725 385 1788 εἰ
408 1715 512 1806 ὄνομα
537 1715 640 1808 μόνον
665 1725 854 1807 πορίσαιντο
880 1715 938 1788 τὸν
955 1716 1114 1802 Πιστόξε-

150 1848 220 1890 νον.
257 1822 422 1909 ἐρομένων
441 1815 472 1887 δ’
500 1814 594 1907 ήμοῖυ
611 1815 699 1898 ὅστις
717 1829 768 1906 εἴη
785 1821 841 1888 καὶ
860 1826 890 1888 εἰ
906 1822 945 1908 ζῇ
960 1814 982 1906 ή
999 1817 1054 1908 μή,
1075 1822 1115 1889 ἐν

150 1928 289 2012 Σικελίᾳ
315 1926 442 2008 ἔφασαν
468 1916 653 1990 ἀποθανεῖν
679 1917 954 2009 στρατευόμενον,
981 1929 1114 1989 καταλι-

150 2019 256 2091 πόντα
273 2019 398 2108 ταύτην
414 2023 583 2110 θυγατέρα
600 2016 688 2108 παρά
699 2021 747 2112 τῷ
762 2015 969 2108 Εὐκτήμονι,
989 2023 1021 2103 ἐξ
1042 2024 1113 2090 ἐπι·

150 2122 393 2210 τροπευομένης
419 2121 457 2189 δὲ
478 2119 584 2213 τούτῳ
608 2123 783 2208 γενέσθαι,
802 2147 935 2211 πραγμα
952 2119 1112 2192 πλάττον-
1218 2156 1219 2168 ¹

150 2247 203 2300 τες
229 2216 383 2289 ἀναιδεία
406 2189 623 2342 υπερβάλλον
636 2221 692 2288 καὶ
708 2215 785 2290 οὐδ’
805 2217 1091 2310 λγγενόμενον,’
1066 2250 1112 2302 ως

152 2316 215 2408 ἐγά
232 2315 314 2409 ὑμῖν
331 2316 493 2409 ἀποφαυω
481 2322 548 2390 ἐκ
564 2318 691 2390 τούτων
705 2346 837 2410 πρωτον
854 2349 903 2391 αν
920 2317 1053 2392 αάτολ’
1032 2348 1113 2392 απε-

100 2438 134 2490 14
150 2429 315 2511 κρίναντο.
351 2423 393 2510 τή
417 2418 543 2511 μὲν
503 2448 566 2510 γαρ
592 2424 743 2512 στρατιᾶ,
770 2417 829 2511 ἀφ’
848 2411 891 2492 αὖ
917 2425 1113 2506 ἐξέπλευσεν

153 2528 199 2602 εἰς
217 2528 393 2611 Σικελίαν,
411 2519 475 2610 ήδη
494 2524 562 2591 ἐστὶ
580 2519 641 2593 δνο
658 2523 715 2590 καὶ
731 2521 935 2610 πεντήκοντα
953 2519 1065 2610 ἔτη,’
1045 2519 1113 2593 απδ

149 2617 366 2745 Ἀριμνήστου
391 2619 563 2714 ἄρχοντος,
595 2627 689 2716 τιμδ
690 2624 943 2716 ὲπρεσβυτέρμ
968 2621 1110 2712 τούτων,

152 2751 200 2793 αν
235 2745 338 2812 φασιν
371 2726 473 2793 ἐκ
431 2752 488 2812 της
513 2731 708 2811 Καλλίππης
733 2727 788 2793 καὶ
813 2752 873 2793 του
899 2720 1113 2813 Εὐκτήμονος

153 2821 323 2946 ελνρα,”
281 2850 375 2893 ουπω
392 2819 478 2915 νπὲρ
505 2835 629 2895 εῖκοσιν
646 2831 710 2911 ἔτη.
746 2820 903 2912 ἀφελόντι
928 2852 990 2894 ουν
1006 2852 1113 2894 ταυτα
1214 2841 1215 2871 ¹

49 2953 53 2960 ·
150 2918 215 2993 ἀπὸ
239 2945 308 2992 των
327 2926 362 2992 ἐν
379 2933 518 3014 Σικελίᾳ
542 2918 753 2994 υπολείπεται
776 2919 918 2994 πλείω’“
896 2953 917 3013 η
934 2922 1113 3014 τριάκοντα

150 3029 222 3110 ἔτη·
251 3018 330 3092 ὥστ’
357 3019 431 3093 οὔτ’
460 3021 734 3114 ἐπιτροπεύεσθαι
759 3028 904 3114 προσήκε
934 3021 996 3112 τήν
1021 3034 1111 3114 Καλ-
1212 3111 1213 3120 ¹

150 3131 276 3211 λίππην
295 3131 357 3213 ἔτι,
376 3127 624 3212 τριακοντουτίν
640 3152 679 3213 γε
697 3114 819 3214 οὖσαν,
837 3122 913 3197 οὔτε
930 3121 1111 3196 ἀνέκδοτον
1212 3121 1213 3128 ¹

150 3225 206 3294 καὶ
231 3221 355 3294 ἄπαιδα
373 3224 483 3313 εἶναι,
515 3221 598 3295 ἀλλά
629 3223 718 3295 πάνυ
744 3224 845 3297 πάλαι
874 3243 1061 3315 συνοικεῖν,
1087 3219 1110 3314 ἢ
1211 3231 1212 3270 ³

100 3343 132 3396 15
152 3328 374 3414 ἐγγυηθεῖσαν
399 3323 482 3397 κατά
506 3325 609 3416 νόμον
635 3319 961 3414 ήέπιδικασθεῑσαν.
1006 3334 1054 3397 ἔτι
1072 3327 1111 3396 δὲ
1210 3366 1211 3376 ι

150 3429 206 3495 καὶ
238 3424 483 3514 γιγνώσκεσθαι
510 3423 615 3515 αὐτήν
640 3422 706 3498 ὖπδ
731 3430 798 3498 τῶν
824 3425 1035 3517 Εὐκτήμονος
1061 3433 1109 3496 ολ-

148 3534 251 3598 κείαυ
267 3522 448 3618 ἀναγκαῖον
464 3517 508 3618 ήν
524 3531 580 3599 καὶ
597 3524 663 3600 ὑπὸ
679 3533 748 3600 ταῖν
764 3532 918 3616 οἰκετῶν,
944 3539 979 3597 εῖ
991 3530 1053 3619 πέρ
1070 3553 1110 3615 γε
1209 3541 1210 3544 ’
