2442 3948
228 247 267 310 52
642 240 769 293 126106
1088 239 1169 290 σοι.

229 416 343 501 δεμιάς
367 409 481 492 αὐτοῖς
503 412 507 500 6
531 415 673 502 ταραχῆς
698 415 948 505 ἐγγιγνομένης,
978 410 1018 482 06
1041 415 1172 502 χαλεπάς

229 516 405 596 ἐπιδείξειν
421 509 472 583 ὅτι
489 507 591 582 οὐδὲν
608 511 831 605 Νικόστρατος
850 516 996 584 διέθετο·
1015 511 1074 583 ἐάν
1091 513 1125 582 δὲ
1139 508 1172 600 μή

159 611 165 630 “
227 612 286 683 τὸν
302 617 426 736 πατίρα
442 611 500 684 τὸν
517 609 620 684 αάτδν
637 613 722 683 είναι
739 619 843 704 φαῖσι,
861 618 922 684 606
940 615 979 684 66
991 613 1113 705 κλήρου
1128 641 1172 701 μη

230 705 327 786 666
304 741 403 803 ηττον
420 711 687 804 ἀμφισβητῶσιν,
705 710 849 805 άκριβοος
867 726 979 785 ἴσασιν
995 711 1048 784 ὅτι
1065 721 1173 784 πλείονι

228 813 314 939 λόγῳ
334 823 440 886 είπεῑν
456 817 610 885 τουτουσὶ
629 811 781 904 δεήσει
757 845 802 898 ως
819 814 1045 905 Νικόστρατος
1065 827 1186 906 Θρασν·

193 929 211 980 6
227 915 332 1006 μάχου
349 906 393 1004 ήν
409 913 431 1003 ή
448 911 492 996 ὥς
509 911 611 987 οὐδὲν
630 919 770 996 διέθετο
807 924 853 987 ἔτι
873 917 910 986 66
927 919 982 986 καὶ
994 912 1174 1039 δμολογουν-

148 1022 153 1034 ’
227 1043 281 1097 τες
299 1015 520 1106 Θρασυμάχου
541 1016 658 1105 μὲν
628 1045 712 1140 εινμι
733 1016 793 1088 τὸν
815 1015 1044 1108 Νικόστρατον
1069 1013 1128 1088 οὐκ
1146 1010 1175 1084 ἀν
1210 1073 1211 1114 ᾗ

229 1117 259 1184 ε
259 1145 318 1206 γον
341 1120 465 1206 ἑξξελίγ
467 1145 500 1187 αι
447 1113 689 1201 ξτοάσδε
665 1146 709 1199 ως
731 1115 794 1188 οάκ
811 1121 897 1190 είσδν
914 1121 1029 1211 ἐκείνῳ
1046 1114 1174 1200 ἀνεψιοί

228 1215 329 1287 ἀλλον
358 1219 396 1288 66
424 1220 549 1310 πατίρα
578 1222 626 1311 τῷ
647 1223 806 1289 τεθνεῶτι
835 1217 1129 1304 κατασκευάζοντες
1147 1211 1175 1284 οὐ

229 1316 331 1440 μήνον
348 1322 423 1410 περὶ
447 1347 516 1398 ταν
538 1288 711 1407 διαθηκαιν
733 1315 888 1390 ἀλλάκαλ
905 1323 1062 1411 περὶτοῦ
1078 1322 1177 1409 γένους

228 1417 328 1507 λόγον
346 1419 594 1543 ἐμβεβλήκασιν

195 1537 210 1586 7
306 1515 379 1590 066
402 1524 437 1589 ἐκ
457 1519 585 1590 τούτων
613 1522 651 1590 δὲ
674 1518 777 1610 μόνον
798 1517 926 1610 γνοίητ’
956 1515 998 1591 ἀν
1021 1518 1073 1590 ὅτι
1101 1496 1177 1589 ἀλλοι

229 1622 317 1700 τινες
341 1627 426 1690 είσιν
448 1625 482 1689 oc
501 1625 606 1690 ταῦτα
629 1623 683 1691 ἐπὶ
706 1624 860 1691 τὸυτουσλ
891 1619 1181 1712 ἐπάγοντες,α
1113 1615 1181 1690 ἀλλά
1211 1685 1212 1696 ,

188 1779 191 1790 .
230 1723 286 1789 καὶ
316 1723 351 1789 6
374 1722 441 1790 666
468 1717 541 1790 κατ’
573 1718 675 1812 ἀρχάς
696 1725 933 1812 γεγενημένων.
977 1728 1028 1804 τίς
1051 1720 1114 1814 γάρ
1133 1717 1181 1790 οὐκ

229 1816 438 1911 ἀπεκείρατο,
459 1820 571 1910 ἐπειδή
583 1821 628 1892 τοδ
643 1821 704 1891 δύο
715 1821 864 1894 ταλάντο
878 1826 910 1906 ἐξ
926 1819 1020 1910 ’Λκής
1037 1821 1181 1911 ήλθετονς
1210 1825 1211 1840 ’

229 1915 251 2009 ή
272 1929 322 2002 τίς
346 1919 386 1991 06
405 1921 655 2012 66666606
674 1922 853 2014 ἐφόρησεν,
878 1919 922 2004 ἀς
947 1921 1001 1992 διά
1019 1922 1057 1994 τὸ
1075 1927 1182 2000 πένθος

230 2020 485 2113 κληρονομήσειν
512 2027 570 2112 τής
599 2020 729 2108 οάσίας;
743 2018 781 2112 ’ἢ
810 2023 907 2094 πόσοι
941 2041 1116 2113 συγγενεῖς
1141 2023 1183 2092 καὶ

230 2128 315 2202 υίελς
339 2121 420 2193 κατά
443 2122 537 2194 δόσιν
563 2123 847 2214 προσεποιήσαντσ
866 2129 934 2195 τοῖν
952 2124 1182 2217 Νικοστράτου;

195 2243 215 2308 θ1
230 2226 449 2311 Δημοσθένης
460 2227 521 2313 μέν
533 2253 572 2313 γε
582 2217 784 2314 ἀδελφιδοῦς
796 2231 859 2315 ἔφη
872 2223 962 2319 αὐτῷ
973 2224 1073 2317 εἶναι,
1087 2219 1183 2307 ἐπειδή

233 2319 265 2391 δ’
290 2324 467 2412 ἐξηλέγχθη
483 2320 549 2394 666
565 2324 708 2414 τούτων,
731 2323 869 2414 ἀπέστη·
894 2325 1040 2416 Τήλεφος
1061 2327 1102 2397 66
1124 2326 1184 2394 δον·

230 2451 287 2492 ναι
305 2418 397 2516 αὐτῷ
413 2422 681 2516 Νινόστρατον“
659 2453 788 2497 απαντα
805 2425 845 2496 τά
864 2430 993 2497 εαυτοῦ.
1029 2431 1087 2497 καὶ
1104 2416 1185 2545 οὗτος

231 2519 272 2593 06
289 2521 439 2617 πολλιμ
416 2546 556 2618 υστερον
574 2527 747 2598 ἐπαύσατο
771 2525 1071 2618 Ἀμεινιάδηςυ
996 2529 1033 2597 δὲ
1046 2525 1125 2600 υίδν
1140 2520 1184 2594 αι’-

131 2635 134 2642 “
231 2629 279 2719 τῷ
300 2622 381 2716 πρὸς
402 2623 460 2697 τὸν
463 2625 627 2752 ἀρχοντα
647 2617 729 2717 ήκεν
751 2625 842 2718 ἀγων
871 2625 953 2699 οὐδὲ
975 2631 1089 2720 τριετή
1107 2653 1185 2718 γεγο-

230 2725 321 2814 νότα,
340 2729 396 2796 καὶ
412 2726 506 2799 ταῦτ’
526 2726 587 2800 οὐκ
606 2729 879 2818 ἐπιδεδημηκάτος
896 2758 956 2800 του
945 2728 1186 2850 Νικοστράτου

197 2829 351 2900 θὲνδεκα
375 2826 486 2898 ἐταῐν’
480 2829 645 2919 Αθήνησι.
686 2829 822 2955 Πύρρος
853 2826 923 2901 δὲ’
907 2860 925 2900 ο
942 2827 1186 2953 Λαμπτρενςιή

231 2921 317 3014 66v'
311 2931 434 3020 Αθηνᾷ
451 2929 568 3017 ἔφη
531 2959 572 3000 τα
577 2929 753 3056 χρήματα
754 2928 820 3002 ὑπδ
839 2930 1069 3022 Νικοστράτου
1087 2943 1186 3001 καθιε-

232 3029 378 3115 ριισθαι,
398 3055 489 3098 αυτοι
477 3025 586 3098 6
564 3029 627 3101 υπ’
647 3029 753 3102 αάτοά
777 3037 906 3104 ἐκείνου
925 3031 1095 3155 δεδόσθαι.
1114 3039 1186 3112 Κτη-

232 3133 304 3206 σίας
342 3123 420 3195 δ’
404 3157 422 3198 ο
451 3130 614 3218 Βησαιεδς
647 3135 702 3201 καὶ
730 3131 883 3224 Κραναὸς
913 3131 950 3204 τδ
978 3133 1041 3223 μὲν
1069 3135 1188 3222 πρῶτον

233 3231 270 3295 δ
255 3233 331 3315 ινηυ
347 3234 476 3318 ἔφασαν
488 3259 547 3301 του
535 3231 788 3324 Νικοστράτου
802 3234 963 3305 ταλάντου
986 3225 1188 3304 καταδεδικά-

118 3397 123 3406 ,
206 3339 328 3417 σθαι,
354 3327 524 3459 666666'
547 3331 610 3403 066
628 3333 717 3424 είχον
733 3339 830 3406 τοῦτο
849 3333 1037 3425 ἀποδεῖξαι,
1062 3326 1189 3404 ἀπελεύ-

229 3438 334 3548 θερον
352 3427 461 3552 66666
486 3435 615 3505 ἕαυτων
632 3436 914 3525 προσεποιήσαντο
933 3436 1031 3506 εἶναι
1050 3437 1103 3505 καὶ
1121 3421 1188 3502 066

180 3545 213 3596 10
230 3517 321 3598 οὗτοι
345 3527 367 3598 6
384 3539 497 3620 ε’λεγον
515 3530 698 3618 ἀπέδειξαν.
739 3541 796 3615 καὶ
813 3566 844 3607 οι
837 3538 922 3627 ’μὲν
940 3532 1046 3617 εὐθυς
1063 3530 1142 3605 κατά
1157 3525 1191 3598 τά
