2442 3948
228 265 269 328 84
642 259 771 316 126106
860 305 878 328 6.
1085 260 1133 314 οι.
1148 258 1168 310 ι.
1206 268 1207 271 ¹

201 428 476 535 τετολμήκασιν,
507 426 590 518 ἀλλὰ
620 429 702 554 τυρός
732 427 924 523 ὐκερβολήν
949 429 1169 554 ὐυαισχυντίρς

225 529 579 655 τροσμεμαρτυρήκασι
599 531 736 616 τούτους
753 533 840 606 εἶναι
857 529 1168 624 κληρονόμους,ους
1156 559 1183 628 ςΙ

225 628 321 722 ὐμεῖς
338 629 661 724 ἀπεχειροτονήσατε.
853 699 855 704 ,

174 755 208 806 46
291 731 361 805 Ἔτι
380 735 417 803 δὲ
442 736 498 803 καὶ
523 737 584 804 τού
608 732 772 826 μάρτυρος
799 730 903 806 αὐτου
891 729 1150 818 σκέψασθε
1119 760 1169 818 την

225 832 350 924 τόλμαν
375 837 430 904 καὶ
456 829 649 922 ἀναίδειαν,
675 831 764 916 ὅστις
790 845 899 925 είληχε
924 837 985 926 μὲν
1011 831 1105 929 αὐτῷ
1123 835 1169 918 τῆς

225 932 393 1026 θυγατρός
413 938 471 1024 τῆς
493 932 705 1024 Εὐκτήμονος
728 930 773 1016 ιδς
789 933 892 1025 οὐσης
907 935 1102 1029 διυκλήρου,
1125 935 1169 1002 καὶ

227 1031 331 1106 αὐτοῦ
346 1063 405 1118 του
393 1033 546 1127 κλήρου
563 1064 623 1106 του
613 1032 854 1126 Εὐκτήμονος
864 1040 1014 1129 ιιίμιτιου
1037 1040 1046 1128 Ι
1066 1039 1170 1126 μέμνυῖ

227 1129 273 1217 τός
291 1139 382 1206 έττιδί
367 1143 441 1206 ίκου
458 1133 568 1226 ὄντος,
586 1134 859 1259 μεμαρτύρηκεδ’
864 1135 1095 1262 Εὐκτήμωνος
1109 1131 1170 1204 υίδν

227 1235 313 1310 εἶναι
329 1235 476 1361 γνήσιον.
512 1245 618 1308 καίτοι
635 1242 704 1318 ιτύς
720 1229 817 1320 οὗτος
834 1235 876 1308 οὐ
892 1243 1007 1329 σαφῶς
1026 1239 1116 1323 ἐελέ
1114 1259 1170 1324 666

227 1333 326 1418 αὐτός
352 1334 454 1409 αὐτόν
479 1335 519 1408 66
544 1342 654 1428 νυνδή
674 1340 960 1462 μεμαρτυρηκότας
987 1337 1028 1411 οὐ
1047 1337 1110 1429 γύρ
1127 1332 1170 1420 δίς

227 1463 293 1508 τιον
324 1437 508 1528 γυησίου”
490 1467 583 1520 ουτος
609 1443 698 1520 υίέος
724 1436 917 1530 Εὐκτήμονι
943 1444 1117 1532 ἐπίκληρος
1139 1430 1172 1504 66

227 1528 271 1626 ήν
288 1533 308 1626 6
325 1537 479 1630 θυγάτηρ
502 1536 620 1630 αὐτού,
647 1537 768 1611 οὐδὲ
752 1570 770 1611 ο
797 1545 916 1665 κλῆρος
943 1546 1099 1622 έκίδικος.
1138 1530 1172 1613 οἷς

227 1645 344 1710 τοίνυν
368 1646 464 1730 ἔλαχε
486 1638 608 1722 ταύτας
631 1639 688 1723 τύς
711 1639 879 1732 λήξεις,’
860 1640 1089 1732 αναγνοόσεται
1105 1633 1171 1727 ὐμίυ

228 1737 286 1821 ταὶς
303 1748 494 1832 μαρτυρίας.

601 1872 811 1927 MAPTTPIAL

179 2011 212 2062 47
286 1991 489 2066 Τούναντίον
510 2001 627 2065 τοίνυν
650 1995 861 2083 συμβέβηκεν
882 1989 903 2083 6
922 1990 966 2078 ὐς
983 1990 1001 2065 6
1018 1994 1117 2085 νόμος
1132 1987 1172 2075 γέ·

229 2115 386 2187 γραπται·
415 2099 484 2166 ἐκεῖ
508 2096 569 2183 μέν
594 2093 657 2184 γάρ
685 2099 751 2164 ἐστι
777 2093 870 2189 νόθῳ
889 2097 973 2186 μηδέ
995 2093 1084 2186 νόθη
1103 2089 1173 2162 εἶναι

230 2192 419 2284 ἀγχιστείαν
445 2192 528 2287 μήθ’
557 2198 656 2284 ίεροῖυ
682 2193 766 2286 μήθ’
793 2191 896 2267 ὁσίων
922 2193 979 2266 ὐπ’
999 2193 1173 2267 Εὐκλείδου

229 2293 403 2385 ἄρχοντος,
428 2291 679 2384 Ἀνδροκλείδης
706 2297 744 2366 δὲ
769 2299 825 2367 καὶ
848 2293 1047 2388 Ἀντίδιερος
1064 2306 1173 2368 οἴονται

231 2402 315 2484 δεῖν,
334 2393 530 2485 ἀφελόμενοι
541 2393 599 2476 τὰς
616 2392 829 2486 Εὐκτήμονος
841 2395 1080 2489 θυγατέρας
1043 2425 1100 2478 τας
1101 2415 1173 2518 666·

230 2504 303 2578 σίας
331 2499 386 2567 καὶ
411 2494 488 2577 τούς
507 2500 542 2568 ἐκ
564 2495 693 2568 τούτων
710 2497 904 2588 γεγονότας,
930 2497 988 2570 τόν
1005 2527 1043 2568 τε
1061 2485 1172 2574 Εὐκτή-

179 2616 213 2669 48
229 2627 327 2688 μονος
346 2597 437 2670 οἷκον
454 2595 566 2669 καί
533 2626 591 2669 τον
610 2598 868 2689 Φιλοκτήμονος
875 2605 970 2690 ἔχειν.
1007 2593 1098 2670 ταδ’
1080 2625 1100 2685 6
1118 2598 1173 2661 δῖα

231 2708 400 2790 φθείρασα
425 2697 487 2788 τήν
512 2696 724 2790 Εὐκτήμονος
748 2699 885 2790 γνύμην
910 2701 966 2771 καὶ
989 2701 1119 2773 πολλῶν
1135 2693 1173 2776 ἕῖ·

231 2798 351 2891 κρατής
373 2803 533 2889 γενομένη
556 2797 661 2882 οὕτως
683 2796 810 2893 ὑβρίζει
833 2799 965 2892 σφόδρα
987 2793 1173 2873 πιστεύουδῖ

231 2897 375 2987 τούτοις,
395 2897 479 2969 ὥστε
496 2896 536 2969 οὐ
554 2899 657 2989 μόνον
674 2904 741 2972 τοῖν
753 2898 965 2991 Εὐκτήμονος
982 2908 1114 2973 οἰκείων
1129 2916 1173 2962 66·

231 3014 407 3089 ταφρονεῖ,
425 2995 508 3069 ιἰλλύ
525 3002 581 3070 καὶ
598 3003 655 3088 τής
672 3001 799 3082 πόλεως
816 2997 951 3092 διιείσης.
987 2999 1173 3096 ἆκοόσανσῖῖ

233 3101 270 3168 δὲ
294 3104 332 3170 ἓν
354 3099 457 3188 μόνον
480 3117 617 3190 σημεῖον
641 3105 765 3193 ῥᾳδίως
788 3100 962 3190 γνώσεσθε
984 3100 1046 3194 τήν
1064 3104 1173 3176 6666

232 3207 449 3291 παρανομίαν.
486 3208 557 3272 Καί
570 3231 624 3292 μοι
642 3204 723 3290 λαβέ
740 3206 858 3274 τοῦτον
875 3202 933 3275 τόν
950 3201 1062 3296 νόμου.

641 3340 778 3413 αονοη.

180 3472 214 3526 49
312 3457 413 3527 Ταυτὶ
425 3455 465 3526 τδι
476 3454 659 3548 γράμματα,
680 3443 708 3524 6
723 3453 856 3547 ἄνδρες,
874 3451 970 3545 ὑμεῖς
988 3435 1173 3536 οὐτασεμυᾶ

231 3556 287 3625 καὶ
305 3551 428 3646 εὐσεβῆ
453 3554 729 3648 ἐνομοθετήσατε,
757 3559 834 3648 ιιερλ
850 3561 977 3628 τιολλού
998 3552 1172 3643 ττοιούμευοι
