2450 3950
372 274 496 332 ΚΑΤΑ
521 271 784 330 TIMAPXOY.
1015 263 1054 328 13

98 435 179 516 τούς
197 436 380 522 προέδρους
396 433 472 516 περὶ
488 434 587 516 ἱερῶν
603 436 671 496 τῶν
693 435 793 513 πατρί
793 455 840 497 ων
862 429 917 497 καὶ
937 427 1056 512 κήρυξι

98 536 155 605 καί
173 539 361 620 πρεσβείαις
377 527 463 598 καὶ
449 535 567 611 οσίωυ,
591 529 646 595 καὶ
662 525 742 613 μετά
759 533 862 594 ταῦτα
873 519 1054 644 έπερωτᾴὁ

97 637 244 722 κῆρυξ,
246 628 331 711 τίς’
311 627 486 715 αγορεάειυ
502 625 657 712 βούλεται
673 651 741 692 των
750 624 835 708 νπὲρ
847 621 1053 708 πεντήκοντα
1071 625 1107 680 49

99 738 156 818 ἔτη
166 730 372 818 γεγονότων,
363 735 396 772 “
407 721 543 793 ἐπειδαν
554 714 647 791 δὲ
603 748 697 790 ουτοι
707 745 828 799 παντες
839 729 965 803 εἴπωσι,
987 713 1050 784 τότ’

98 827 164 915 ἤδη
175 827 306 896 κελεύει
324 829 432 910 λέγειν
449 829 517 890 τῶν
535 819 646 890 ἀλλων
661 815 920 937 Ἀθηναίωντὸν
931 815 1055 938 βουλό·
1072 827 1107 881 50

42 941 79 996 24
95 952 217 1015 μενον,
240 919 289 1004 οἷς
300 926 434 1004 ἔξεστιν
456 922 627 1002 σκέψασθε
639 918 697 1006 δη
722 944 765 997 ως
775 925 898 1004 καλως,
918 909 1056 1000 οἷἈθη-

99 1037 199 1093 ναίοι.
212 1017 276 1090 οὐκ
289 1020 421 1107 ἠγνόει,
434 1016 569 1105 οἶμαι,
552 1044 571 1085 ο
585 1016 819 1104 νομοθέτης,“
799 1043 880 1086 οτιο
882 1011 1055 1101 ίπρεσβά-

99 1145 229 1209 τεροι
198 1145 244 1187 τω
230 1110 370 1240 μὲν
329 1143 369 1185 ευ
380 1131 520 1203 φρονείν
537 1113 799 1203 ἀκμάζουσιν,
781 1143 803 1203 η
821 1117 857 1185 δ
873 1115 977 1202 τόλμα
988 1111 1053 1200 ἤδη
1073 1128 1106 1180 51

97 1217 222 1297 αὐτοὺς
248 1215 381 1302 ἄρχεται
409 1218 587 1283 ἐπιλείπειν
616 1213 669 1282 διά
697 1213 759 1302 τὴν
787 1218 958 1301 ἐμπειρίαν
986 1219 1054 1280 τῶν

99 1315 313 1402 πραγμάτων.
343 1313 548 1399 βουλόμενος
575 1311 616 1400 δὴ
639 1321 817 1382 συνεθίσαι
838 1311 917 1392 τούς
937 1311 1054 1395 ἄριστα

100 1421 329 1499 φρονοῦντας,
341 1411 481 1490 τούτους
492 1411 675 1497 ἐπάναγκες
685 1417 760 1497 περὶ
771 1411 1055 1502 τοδνπραγμάτων

98 1517 224 1600 λέγειν,
252 1511 365 1599 ἐπειδὴ
390 1510 530 1596 ὀνόματι
553 1510 666 1581 αὐτῶν
693 1517 751 1581 ἕνα
772 1516 913 1582 ἕκαστον
937 1512 1057 1599 ἀπορεῖ

98 1624 309 1696 προσειπεῖν,
331 1609 394 1696 τὴν
410 1615 602 1696 ἐπωνυμίαν
618 1619 675 1698 τῆς
692 1611 771 1700 ὅλης
787 1611 914 1700 ἡλικίας
925 1611 1055 1680 ὑπολα-

98 1711 172 1800 βτδν
185 1719 370 1797 παρακαλεῖ
376 1712 429 1778 ἐπὶ
439 1709 476 1778 τὸ
486 1717 577 1797 βῆμα
587 1713 642 1779 καὶ
656 1717 830 1796 προτρέπει
843 1719 1053 1800 δημηγορεῖν.

100 1809 170 1896 ἀμα
194 1809 231 1876 δὲ
256 1805 336 1886 τοὺς
362 1812 546 1895 νεωτέρους
567 1807 715 1877 διδάσκει
737 1811 956 1895 αἰσχύνεσθαι
975 1807 1055 1888 τούς

101 1909 347 2028 πρεσβυτέρους
358 1909 412 1975 καί
425 1904 532 1975 πάνθ’
550 1901 711 1991 ὑστέρους
722 1908 878 1991 πράττειν
889 1909 945 1976 καὶ
955 1913 1056 1991 τιμάν

99 2005 137 2075 τό
149 2015 271 2093 γῆρας,
296 2003 372 2085 είςδ
387 2007 509 2086 πάντες
521 2003 727 2093 ἀφιξόμεθα,
748 2005 840 2074 ίάν”
818 2033 883 2094 αρα
895 2004 1056 2092 διαγενά·

47 2119 82 2174 25
100 2114 200 2193 μεθυ.
229 2105 283 2172 καί
306 2129 412 2182 ουτως
432 2098 520 2190 ἦσαν
541 2106 715 2200 σώφρονες
737 2110 772 2174 οί
789 2103 918 2192 ἀρχαῖοι
938 2110 1058 2173 ἐκείνου
1074 2117 1108 2172 52

99 2198 280 2320 βήτυρες,’
266 2227 284 2269 ο
295 2207 459 2286 Περικλῆς
468 2229 522 2269 και
512 2205 756 2290 Θεμιστοκλῆς
766 2201 851 2273 καὶὸ
861 2205 1056 2293 Ἀριστείδης

98 2327 116 2365 ο
135 2325 198 2384 την
213 2296 375 2384 ἀνόμοιον
389 2301 582 2386 ἐπωνυμίαν
603 2305 688 2387 ἔχων
712 2302 867 2391 Τιμάρχω
889 2299 1053 2392 τουτωί,Ρ
1037 2327 1055 2368 ο

100 2403 228 2478 δίκαιος
245 2397 571 2486 έπικαλουμενος,“
543 2421 642 2484 ωστε,
665 2399 683 2468 ὁ
679 2401 779 2469 νὐνλ
796 2403 918 2479 πάντες
936 2403 972 2467 έν
985 2405 1056 2467 έθει

97 2497 297 2584 πράττομεν,
309 2497 345 2566 τὸ
356 2496 419 2584 τὴν
429 2515 520 2586 χεῖρα
528 2505 589 2580 ἔξω
601 2507 730 2585 ἔχοντες
740 2503 858 2585 λέγειν,
870 2499 945 2568 τότε
956 2507 1055 2568 τοῦτο

96 2599 214 2681 θρασύ
232 2625 263 2664 τι
279 2598 386 2667 ἐδόκει
404 2597 556 2666 εἶναικαὶ
575 2597 780 2685 εὐλαβοῦντο
791 2596 873 2665 αὐτὰ
889 2599 1054 2685 πράττειν.

97 2699 183 2781 μέγα
201 2695 238 2764 δὲ
255 2696 346 2764 πάνυ
362 2694 484 2763 τούτου
496 2709 633 2782 σημείου
643 2700 729 2785 ἔργῳ
742 2693 822 2780 ὑμίν
833 2694 923 2782 οἶμαι
933 2699 1055 2764 ἐπιδεί-

97 2803 182 2876 ξειν·
205 2789 244 2864 εὖ
260 2795 325 2882 γάρ
343 2793 406 2864 οἶδ’
425 2794 477 2864 ὅτι
493 2796 614 2874 πάντες
632 2795 874 2864 ἐκπεπλεύκατε
886 2800 931 2876 είς
941 2803 1057 2864 Σαλα-

98 2910 179 2981 μίνα
201 2899 256 2964 καὶ
277 2900 441 2965 τεθέασθε
461 2895 523 2982 τὴν
544 2896 704 2975 Σόλωνος
725 2895 856 2979 είκόνα,
884 2896 941 2964 καί
962 2891 1057 2963 αὐτοὶ

98 2992 338 3114 μαρτυρήσαιτ’
352 2990 405 3076 άν,
417 3020 468 3062 οτι
478 2998 565 3083 ἔντη
579 2995 684 3085 ἀγορᾳ
696 3023 735 3084 τη
723 2991 990 3080 Σαλαμινίωυ’
973 2995 1058 3062 ανά-

97 3117 203 3159 κειται
214 3119 232 3160 ο
219 3090 521 3173 ’Σόλωνέντδς
485 3120 548 3180 την
564 3109 657 3181 χείρω
674 3101 768 3181 ἔχων.
789 3100 869 3162 τοῦτ
872 3083 1057 3178 ’ἔστιυ,
1028 3119 1055 3160 ω
1076 3107 1109 3161 53

95 3188 308 3277 Αθηναῖοι,
289 3190 467 3278 υπόμνημα
479 3195 583 3280 καίμί
579 3221 670 3280 μημοι
686 3220 748 3262 του
732 3193 918 3268 ’Σολωνος
929 3191 1056 3276 σχήμα-

97 3315 170 3373 τος,
194 3287 234 3358 ὃν
251 3290 379 3376 τρόπον
395 3295 480 3377 ἔχων
496 3290 597 3371 αὐτὸς
613 3297 776 3377 διελέγετο
799 3298 846 3376 τῷ
870 3287 965 3377 δήμω
986 3311 1056 3353 των

43 3407 77 3461 ²6
92 3384 236 3476 Ἀθηναί
236 3415 292 3458 ων.
315 3391 549 3478 σκέψασθεδδ,
572 3383 795 3475 ωἈθηναίοι,
813 3385 896 3454 ὅσον
899 3387 1057 3509 διαφέρει

97 3482 258 3556 ὁΣόλων
277 3490 446 3575 Τιμάρχου
468 3491 524 3558 καί
545 3493 581 3557 οί
599 3488 721 3575 ἄνδρες
741 3476 913 3555 ἐκείνοι
884 3511 935 3555 ων
955 3480 1056 3572 ὀλίγῳ
1149 3480 1153 3486 ’
