2442 3948
240 273 280 339 86
654 265 782 317 ΙΣΑῙΟΤ
1095 265 1143 315 On.
1158 263 1179 315 δ.

240 435 341 530 ,,οὐτε
362 435 437 508 υίδν
460 440 703 529 Χαιρέστρατον
730 431 941 524 ἐποιήσατο;”
971 431 1022 515 οἷς
1046 434 1165 524 μὴ’
1129 464 1180 524 γαρ

239 569 288 620 τις
310 541 567 631 παρεγένετο,δ
568 545 692 625 ίκαιον,
717 551 744 606 6
732 527 898 627 ἄνδρες,
922 552 1180 628 μαρτυρεῖν,ς
1141 531 1180 615 οἷς

194 641 279 710 δὲ
294 669 340 730 μη
329 637 560 762 πριρεγίνετο
576 634 649 708 ἀλλ’
673 634 797 726 ήκουσέ
815 665 920 726 τινος,
944 632 1050 724 άκοήν
1074 663 1180 757 μαρτν·

188 759 222 812 54
239 755 326 832 ρεῖν’
354 737 396 861 σύ
424 736 457 810 δ’
476 735 516 808 06
542 735 806 831 παραγενόμενος
829 734 1013 860 διαρρήδην
1031 733 1180 827 μεμαρτύ·

241 869 343 964 66669
369 835 413 919 ὥς
438 835 479 909 οὐ
506 840 635 910 διέθετο
661 835 894 928 Φιλοκτήμυν,
921 833 993 906 ἄλλ’
1012 834 1113 917 ἅπαις
1130 839 1180 905 bn-

240 939 388 1027 λεύτησε.
440 946 545 1010 καίτοι
579 942 648 1019 τοῖς
673 935 744 1008 οίύν
768 965 804 1008 τε
831 927 1034 1026 είδέναι,
1006 965 1032 1007 ω
1060 934 1180 1060 666663

241 1037 355 1128 ὅμοιον
371 1036 434 1130 γάρ
452 1036 563 1127 ὥσπερ
580 1068 623 1109 αν
640 1045 670 1108 ε
686 1045 769 1126 φαίη
788 1067 804 1106 ε
805 1041 927 1126 ίδίναι,
955 1035 1073 1108 καὶ
1029 1067 1076 1161 μη
1094 1045 1180 1127 παρα-

239 1137 431 1261 γενόμενος,
454 1136 516 1208 ὅσα
535 1134 631 1227 ὑμεῖς
653 1137 772 1218 πάντες
794 1137 959 1229 πράττετε
1001 1135 1044 1208 οὐ
1067 1135 1179 1226 γάρη
1150 1133 1179 1220 δή

238 1237 337 1310 τοῦτό
361 1267 400 1327 γε
426 1243 510 1330 ἐρεῖ,
538 1247 655 1363 καίπερ
681 1233 897 1361 66666666609
940 1235 1004 1328 66,
1034 1234 1079 1319 ὥς
1096 1235 1179 1306 ἅπασι

238 1341 439 1431 παρεγίνετο
462 1341 517 1409 καὶ
541 1338 627 1409 πάντ
631 1335 799 1409 Μοίδεν
779 1360 842 1409 οσα
860 1337 1079 1428 Φιλοκτήμων
1098 1321 1180 1408 ίν
1145 1363 1179 1426 τρ

187 1461 220 1514 55
238 1446 302 1533 βίῳ
322 1438 524 1530 διεπράξατο.
552 1437 686 1509 πάντων
696 1435 760 1530 γάρ
778 1436 880 1510 αὐτὸν
899 1444 1023 1520 ἐκεῖνος
1043 1447 1180 1552 ἔχθιστον

240 1537 365 1628 ἐνόμιζε
392 1537 446 1608 διά
471 1566 507 1608 τε
532 1537 593 1627 τήν
618 1537 721 1661 66666
747 1548 925 1631 πονηρίαν,
952 1542 1008 1610 καὶ
1027 1538 1112 1610 διότι
1126 1539 1179 1607 τάν

238 1641 411 1726 συγγενοῖν
433 1637 532 1727 μόνος
556 1637 636 1728 μετά
657 1643 714 1728 τής
734 1636 847 1728 Ἀλκής
865 1644 998 1729 ἐκείνης
1014 1638 1121 1732 τούτμ
1137 1637 1179 1706 καί

237 1755 306 1818 τοῖς
331 1735 441 1818 ἄλλοις
467 1739 769 1827 συνεπιβουλεύσας
800 1757 868 1820 τοῖς
897 1745 958 1811 606
981 1737 1179 1828 Εὐκτήμονος

129 1923 132 1932 ¹
238 1836 379 1930 χρήμασι
395 1841 530 1910 τοιαῦτα
549 1839 759 1932 διεπράξατο,
783 1837 837 1911 οίά
853 1867 915 1933 περ
932 1837 1013 1931 ὑμῖν
1029 1838 1178 1920 ἀπέδειξα.

187 1964 221 2018 50
314 1937 458 2010 Πάντων
485 1941 523 2010 δέ
547 1939 688 2029 μάλιστα
713 1938 941 2030 άγανακτήσαί
970 1945 1060 2014 ἐστιν
1091 1937 1179 2022 άξιον,

238 2035 318 2110 ὅταν
335 2029 428 2164 οὐτρι
445 2044 669 2132 καταχρῶνται
692 2070 737 2163 τρι
727 2037 967 2164 Εὐκτήμονος
983 2038 1169 2132 ὀνόματι,
1144 2036 1211 2105 τά

238 2142 333 2209 τονδὶ
359 2138 518 2231 πάππῳ.
537 2148 568 2209 εί
591 2139 671 2231 γάρ,
699 2137 743 2221 ὥς
768 2131 860 2212 οὐτοι
883 2144 1035 2234 λέγουσι,
1063 2145 1109 2233 τῷ
1131 2163 1179 2226 μεν

239 2235 459 2326 Φιλοκτήμονι
476 2267 520 2327 μη
511 2236 615 2327 ἐξήν
634 2244 828 2330 διαθέσθαι,
855 2270 914 2312 του
902 2238 964 2312 δ
982 2233 1178 2365 Εὐκτήμονός

239 2331 357 2406 ἐστινὸ
375 2340 511 2428 κλήρος,
530 2338 670 2510 πύτείρον
684 2341 951 2433 δικαιότερον
903 2371 971 2412 των
982 2339 1178 2431 Εὐκτήμονος

237 2447 454 2527 κληρονομεῖν
471 2435 528 2520 τάς
547 2443 676 2510 ἐκείνου
697 2444 899 2566 θυγατέρας,
925 2439 1177 2566 ὁμρλογουμένσς
1209 2471 1210 2565 6

113 2583 116 2588 -
236 2534 338 2619 οὐσας
363 2545 517 2662 γνησίας,
541 2541 545 2629 Ι
569 2543 625 2610 και
613 2537 735 2664 ιήμάς
760 2539 836 2623 τούς
860 2546 895 2613 ἐκ
917 2542 1046 2613 τούτων
1043 2531 1177 2666 γεγονύ·

186 2648 219 2701 57
236 2667 310 2727 τας,
328 2633 551 2727 ήτούςούδέν
564 2641 804 2765 προσήκοντας,
822 2639 905 2714 οδού
916 2642 1019 2732 μόνον
1030 2639 1089 2732 ὑφ’
1100 2636 1177 2728 ἡμῶν

239 2742 440 2829 ἐλέγχονται,
467 2736 551 2810 άλλά
576 2745 631 2812 καί
658 2733 756 2827 ἐξῶν
773 2739 920 2814 αὐτοὶοί
936 2747 1102 2836 ἐπίτροποι
1120 2745 1176 2807 δισ-

236 2841 460 2927 πεπραγμένοι
487 2848 559 2910 εί.σί
603 2848 699 2914 τοῦτο
713 2841 788 2966 γάρ
810 2839 906 2933 ὑμῶν
925 2846 1038 2934 δέομαι
1056 2872 1109 2914 και
1099 2841 1175 2906 ίσῖ

236 2935 321 3007 τεύιο
334 2936 465 3059 666666
475 2945 680 3030 μεμνῆσθαι,
699 2971 724 3012 ω
713 2933 915 3034 Ηάνδρες,
896 2971 978 3035 οπερ
994 2941 1095 3037 ὀλίγην
1112 2931 1176 3026 πρό·

236 3063 332 3126 τερον
350 3031 541 3124 άπέδειξα“
521 3057 619 3130 υμῖν,
637 3039 688 3112 ὅτι
702 3039 899 3134 Ἀνδροκλῆς
910 3041 1022 3116 οὐτοσὶ
1033 3043 1112 3168 μησὶ
1123 3035 1208 3161 μίν
1207 3119 1208 3177 6

238 3135 324 3208 εἶναι
351 3137 590 3229 ἐπίτροπος’
548 3145 659 3212 αυτοὶν
676 3138 720 3224 ὥς
736 3141 843 3216 ὄντων
859 3153 1006 3234 γνησίων
1023 3137 1174 3261 Εὐκτήμθ·

150 3287 153 3290 -
236 3266 310 3326 νος,
330 3234 489 3326 είληχεδ’
514 3237 614 3323 αὐτὸς
638 3245 746 3338 ἑαυτῷ
761 3274 820 3316 τον
808 3243 1050 3336 Εὐκτήμονος
1065 3238 1174 3327 κλήρου

236 3340 376 3428 καὶτῆς
402 3339 568 3431 θυγατρὸς
594 3339 699 3415 αὐτοῦ
724 3339 767 3428 63
792 3343 893 3434 οὔσης
919 3346 1107 3438 ἐπικλήρου
1131 3333 1207 3449 ΜΞ

186 3455 220 3508 58
235 3441 338 3508 ταῦτα
360 3437 606 3562 μεμαρτύρηται
622 3440 712 3534 ὑμῖν.
749 3455 854 3517 καίτοι
871 3448 940 3528 τοῖς
957 3476 998 3518 ου
988 3419 1174 3526 ’δεινόν,ὦ

237 3535 373 3630 άνδρες,
397 3537 479 3630 πρὸς
494 3549 587 3656 θεῶν
602 3543 805 3638 Ὀλυμπίων,
824 3554 854 3617 εί
870 3549 931 3636 μὲν
947 3554 982 3618 οί
996 3545 1106 3624 παῖδές
1123 3541 1173 3606 είσι
