2510 3948
356 325 488 384 ΚΑΤΑ
512 327 891 388 ΚΤΗΣΙΦΩΝΤΟΣ.
1026 327 1086 392 155

137 483 308 569 χιομέυου·
340 493 408 552 cave
424 485 563 563 τούτους
580 483 690 571 αύτολ,
714 489 768 554 καὶ
776 485 879 556 οὐδὲν
889 490 1009 578 ἑτέρων
1020 496 1088 559 δεσ-

138 590 202 648 σθε
213 581 408 667 μαρτύρων,
428 585 504 666 τέλη
515 582 721 667 πεπραχότας
731 585 785 651 καὶ
796 586 944 670 χρήματα
956 589 1087 678 λαμβά-

137 704 259 757 νοντας
270 683 304 746 ἐκ
316 687 377 747 τοῦ
388 685 483 768 ίερού
494 683 634 766 λιμένος.
643 687 664 722 “
697 677 764 766 ἅμα
776 682 811 748 δὲ
822 679 1086 767 ἀναγιγνώσκειν

8 812 13 822 ·
137 779 293 846 ἐκέλευον
309 778 419 858 αύτοῖς
435 777 497 865 τὴν
513 785 672 865 μαντείαν
692 786 756 844 τοῦ
774 786 877 865 θεοῦ,
900 779 961 848 τόν
981 781 1086 864 ὅρκον

138 885 206 944 των
217 880 412 964 προγόνων,
435 877 497 962 τὴν
508 875 668 962 ἀράντηυ
681 880 881 964 γενομένην,
906 880 962 947 καὶ
973 883 1087 961 διωρι-
1102 897 1152 949 511

56 988 118 1042 120
135 975 253 1063 ζύμην,
276 973 327 1043 ὅτι
343 973 431 1062 ,ἐγώ
448 977 510 1062 μὲν
528 974 611 1060 ὑπὲρ
627 983 688 1043 τοῦ
706 976 814 1062 δήμου
828 985 889 1044 τοῦ
897 975 1086 1064 Ἀθηναίων

135 1076 268 1142 καὶτοῦ
284 1075 436 1160 σώματος
446 1077 579 1142 καὶτῶν
590 1074 717 1141 τέκνων
728 1076 783 1142 καί
801 1080 971 1161 οίκίαςτῆς
981 1079 1086 1162 ἐμαυ-

135 1181 199 1240 τού
216 1181 333 1259 βοηθῶ
350 1170 432 1241 κατὰ
450 1169 511 1239 τόν
528 1169 632 1258 όρκον
648 1173 703 1240 καὶ
720 1179 766 1261 τῷ
783 1179 855 1262 θεᾷ
872 1176 926 1240 καλ
938 1183 979 1261 τῇ
988 1181 1085 1262 γᾷτῇ

135 1274 208 1359 ἱερᾷ
220 1272 275 1338 καὶ
291 1273 373 1356 χειρὶ
388 1273 444 1340 καὶ
460 1272 537 1338 ποδὶ
548 1273 603 1339 καὶ
614 1278 713 1358 φωνᾷ
729 1272 785 1338 καὶ
796 1278 899 1340 πᾶσιν
915 1271 964 1350 οἷς
980 1273 1086 1339 δύνα-

134 1397 209 1455 μαι,
231 1371 286 1437 καὶ
296 1368 357 1455 την
374 1371 473 1438 πόλιν
487 1368 550 1455 τὴν
561 1366 725 1456 ἡμετέραν
735 1367 776 1436 τά
793 1367 876 1454 πρός
892 1369 971 1449 τούς
981 1368 1086 1450 θεούς

135 1463 280 1549 ἀφοσιῶ·
304 1465 398 1553 ὑμεῖς
415 1467 443 1534 δ’
457 1466 542 1552 ὑπὲρ
559 1466 655 1554 ὑμῶν
666 1466 779 1535 αύτοίν
794 1467 858 1554 ἤδη
868 1471 1082 1555 βουλεύεσθε.

134 1569 289 1651 ἐνῆρκται
310 1562 421 1650 μέντόι
442 1573 543 1648 κανᾶ,
567 1568 749 1652 παρέστηκε
766 1567 803 1634 δὲ
823 1581 890 1645 τοῖς
905 1573 1030 1652 βωμοῖς
1045 1565 1085 1633 τά
1100 1582 1153 1635 512

132 1663 287 1751 θύματα,
299 1667 433 1749 μέλλετε
441 1662 474 1730 δ’
487 1669 589 1732 αίτεῑυ
599 1665 677 1743 τούς
687 1663 792 1744 θεούς
802 1662 934 1751 τάγαθά
945 1667 1000 1734 καὶ
1011 1689 1083 1732 κοι-

56 1773 112 1826 121
131 1771 178 1852 νῇ
188 1765 244 1830 καὶ
255 1767 332 1851 ίδίᾷ.
353 1776 502 1830 σκοπεῖτε
513 1765 565 1846 δὲ,
577 1770 655 1852 τιοίᾷ
667 1771 780 1851 φωνῇ,
797 1771 875 1851 τιοίᾷ
891 1771 980 1850 ψυχῇ
987 1813 996 1845 ,
1008 1769 1084 1829 ποί-

133 1888 184 1938 οις
196 1861 336 1945 ὄμμασι,
355 1866 428 1927 τίνοι
438 1861 565 1946 τόλμαν
576 1862 773 1947 κτησάμενοι
784 1860 841 1939 τάς
852 1865 975 1938 ἱκεσίας
986 1857 1084 1944 ποιή-

133 1968 254 2043 σεσθε,
275 1959 415 2036 τούτους
432 1962 589 2043 παρέντες
611 1956 838 2047 ἀτιμωρήτους
858 1957 937 2038 τούς
958 1962 1084 2042 έυαγεῑς

132 2060 275 2134 καὶτοῖς
293 2053 386 2142 ἀραῖς
404 2055 549 2140 ἐνόχους.
579 2054 621 2122 ού
637 2055 700 2141 γὰρ
718 2055 757 2123 δι’
769 2058 988 2143 αἰτημάτων,
1012 2054 1081 2125 ἀλλ’

134 2158 281 2238 ἐναργῶς
298 2157 478 2240 γέγραπται
494 2157 531 2221 έν
541 2161 581 2241 τῇ
593 2151 660 2242 ἀρᾷ
676 2156 760 2222 κατά
770 2183 805 2222 τε
816 2163 884 2223 τοῖν
895 2153 1082 2243 ἀσεβησάν-

134 2278 217 2335 των,
231 2248 324 2336 ἀχρη
337 2262 460 2321 παθεῖν
471 2249 611 2338 αύτούς,
635 2255 690 2320 καλ
707 2251 790 2321 κατὰ
803 2260 872 2320 τῶν
883 2252 1081 2338 ἐπιτρεψάν-

133 2376 217 2435 των,
229 2352 285 2417 καδ
295 2359 484 2418 τελευταίου
495 2354 531 2418 ἐν
542 2359 583 2438 τῇ
594 2351 658 2440 ἀρᾷ
670 2355 867 2436 γέγραπται,
892 2349 971 2436 μηδ’
984 2348 1083 2426 ὁσίως

134 2447 277 2515 θύσειαν
288 2451 324 2514 οί
331 2445 375 2532 μὴ
387 2459 624 2533 τιμωροῦντες,
638 2452 734 2533 φησὶ,
752 2455 798 2535 τῷ
808 2445 990 2513 Ἀιτόλλωυι
1000 2445 1082 2530 μηδὲ

132 2541 339 2631 τῇἈρτέμιδι
351 2550 433 2629 μηδὲ
444 2554 485 2629 τῇ
494 2553 595 2629 Λητοῖ
604 2543 682 2628 μηδ’
690 2542 818 2630 Ἀθηυᾷ
829 2549 989 2630 Προνοίᾳ,
1001 2543 1083 2629 μηδὲ

65 2651 115 2704 ¹22
133 2649 279 2724 δέξαιντο
303 2643 416 2711 αύτοῑυ
431 2641 472 2709 τὰ
494 2642 601 2726 ίερά.“
633 2647 769 2708 τοιαῦτα
785 2642 842 2706 καὶ
858 2641 941 2724 πρός
955 2642 1084 2718 τούτοις
1100 2650 1152 2704 513

132 2746 228 2828 ἕτερα
238 2729 345 2810 πολλὰ
358 2739 586 2820 διεξελθόντος
597 2741 694 2824 ἐμοῦ,
713 2738 824 2824 ἐπειδή
841 2760 920 2805 ποτε
932 2735 1084 2823 ἀπηλλά-

131 2868 197 2926 γην
207 2843 262 2908 καὶ
273 2843 432 2926 μετέστην
442 2841 478 2905 ἐκ
489 2844 551 2906 τού
562 2841 758 2924 συνεδρίου,
771 2836 899 2923 κραυγὴ
912 2833 1015 2922 τολλη
1028 2838 1083 2903 καὶ

131 2940 283 3025 θόρυβος
301 2932 344 3024 ἦν
359 2946 427 3006 τῶν
442 2936 709 3023 Ἀμφικτυόνων,
732 2937 787 3003 καλ
804 2934 902 3021 λόγος
918 2928 962 3021 ἦν
973 2933 1083 3002 οὐκέτι

131 3039 206 3119 περὶ
217 3037 460 3121 τῶνάσπίδωυ,
483 3033 522 3114 ἀς
537 3030 630 3122 ἡμεῖς
648 3033 829 3119 ἀνέθεμεν,
852 3031 921 3101 ἀλλ’
933 3032 997 3117 ἤδη
1008 3032 1082 3115 περὶ

129 3145 188 3223 τῆς
199 3135 480 3221 τιδυἏμφισσέων
490 3139 655 3219 τιμωρίας.
683 3133 748 3219 ἤδη
760 3136 795 3200 δὲ
806 3131 921 3216 πόρρω
931 3136 989 3215 τῆς
998 3125 1080 3214 ἡμέ-

132 3261 192 3319 ρας
217 3233 320 3321 ούσης
340 3233 520 3317 προελθών
543 3233 561 3302 ὁ
581 3238 685 3321 κῆρυξ
702 3232 831 3317 ἀνεῖπε,
853 3237 999 3315 Δελφῶν
1010 3229 1084 3298 ὅσοι

132 3337 185 3401 ε’τιὶ
196 3339 298 3413 δίετες
308 3333 431 3421 ἡβῶσι,
455 3338 511 3402 καὶ
522 3335 666 3412 δούλους
683 3335 739 3400 καὶ
751 3334 968 3414 ἐλευθέρους,
990 3327 1110 3413 ἥκεινί

132 3431 200 3517 ἅμα
217 3441 258 3522 τῇ
273 3431 379 3520 ἡμέρᾳ
391 3438 524 3517 ἔχοντας
541 3432 627 3520 ἄμας
637 3434 693 3498 καὶ
710 3433 861 3507 δικέλλας
871 3427 954 3514 τρός
963 3426 1000 3496 τό
1014 3434 1085 3496 θυ-

132 3543 221 3597 τεῖον
233 3534 303 3598 ἐκεῖ
310 3529 536 3616 καλούμενον·
558 3533 613 3597 καὶ
625 3528 726 3596 πόλιν
741 3524 759 3596 ὁ
771 3525 871 3607 αὐτὸς
884 3529 988 3612 κῆρυξ
1000 3524 1085 3612 ἀυη-
