2474 3946
283 293 855 353 ΠΕΡΗΙΑΡΑΠΡΕΣΒΕΙΛΣ.
980 291 1039 354 101

92 461 128 524 έν
138 461 293 523 Φωκεῦσι
306 449 483 538 τυράννων
498 450 539 518 τά
551 451 726 538 πράγματα
737 455 793 520 καὶ
806 463 955 523 καθεῖλε·
979 482 1041 523 κα-

93 555 252 639 τέστησαν
273 553 334 638 μέν
360 550 426 637 γάρ
453 556 499 629 είς
519 549 580 637 τήν
601 549 708 637 ἀρχήν
728 553 950 639 τολμήσαντες
971 562 1040 624 τών

92 654 188 737 ίερών
199 650 376 739 χρημάτων
390 647 540 729 ἅψασθαι
552 653 607 717 καὶ
619 649 673 716 διά
692 654 796 729 ξένων
807 651 866 730 τάς
876 661 1040 732 πολιτείας

91 753 298 837 μετέστησαν,
310 749 544 834 κατελύθησαν
553 745 586 814 δ’
598 747 719 837 άπορία
728 749 915 836 χρημάτων,
928 751 1039 839 έπειδή

39 859 78 914 [λλ
91 847 428 936 κατεμισθοφόρησαν
445 847 485 916 τά
503 845 704 934 ὑπάρχοντα.
727 856 839 934 τρίτον
860 849 895 916 δ’
917 848 1040 929 αὐτοὺς

90 955 244 1016 καθεῖλεν
260 942 281 1032 ή
298 961 365 1026 τοῖς
382 944 623 1031 ἀπορουμένοις
634 950 865 1033 στρατοπέδοις
881 948 1040 1034 συνήθως

91 1052 393 1131 παρακολουθοῦσα
403 1043 526 1128 στάσις,
538 1045 692 1128 τέταρτον
705 1041 736 1111 δ’
747 1042 768 1132 ή
782 1052 954 1114 Φαλαίκου
965 1051 1040 1128 περὶ

90 1151 155 1212 των
182 1143 371 1229 μελλόντων
394 1147 531 1210 ἔσεσθαι
556 1140 761 1228 πραγμάτων
781 1141 909 1230 άγνοια.
934 1140 955 1230 ή
979 1147 1040 1229 μὲν

91 1241 151 1328 γάρ
168 1249 344 1310 Θετταλῶν
360 1243 415 1308 καὶ
436 1246 602 1308 Φιλίππου
624 1247 776 1324 στρατεία
797 1241 964 1327 πρόδηλος
985 1234 1038 1328 ήν,

90 1339 129 1406 οδ
149 1347 263 1430 πολλῷ
285 1340 320 1408 δέ
335 1339 446 1431 χρόνῳ
462 1339 628 1426 πρότερον
644 1341 723 1426 πρὶν
739 1334 762 1426 ή
776 1339 838 1424 τήν
854 1337 938 1425 πρός
953 1334 1040 1424 ὑμᾶς

92 1438 224 1526 εἰρήνην
240 1440 398 1524 γενέσθαι
413 1442 565 1525 πρέσβεις
582 1438 665 1524 πρὸς
681 1435 766 1524 ὑμᾶς
783 1431 893 1526 ήλθον
912 1442 949 1506 ἐκ
960 1444 1039 1506 Φω-
1057 1455 1107 1511 301

92 1541 192 1625 κέων,
213 1547 355 1627 βοηθεῖν
371 1535 483 1616 αὐτοῖς
494 1538 686 1618 κελεύοντες
696 1541 751 1606 καὶ
762 1539 1040 1626 ἐπαγγελλόμενοι

90 1638 303 1726 παραδώσειν
316 1631 492 1704 Ἀλπωνόν
510 1640 564 1705 καὶ
577 1637 720 1721 Θρόνιον
737 1641 792 1708 καί
808 1644 973 1726 Νίκαιαν,
999 1637 1039 1706 τὰ

35 1745 72 1800 133
89 1747 158 1806 τών
169 1738 328 1821 παρόδων
338 1743 407 1803 των
425 1741 471 1816 εἰς
480 1737 596 1816 Πύλας
605 1743 708 1822 χωρία
719 1738 827 1824 κύρια.
850 1741 1040 1824 ψηφισαμέ-

87 1863 160 1903 νων
178 1833 209 1902 δ’
230 1832 327 1920 ὑμῶν
336 1839 545 1920 παραδοῦναι
555 1840 712 1925 Προξένῳ
722 1843 768 1924 τῷ
779 1845 953 1926 στρατηγφ·
962 1836 1041 1914 τοὺς

87 1937 226 2013 Φωκέας
236 1940 338 2002 ταῦτα
347 1933 387 2001 τά
396 1940 499 2020 χωρία
510 1935 564 2002 καὶ
573 1934 778 2021 πεντήκοντα
789 1943 940 2022 πληροῦν
948 1933 1041 2019 τριή-

90 2061 157 2118 ρεις
175 2036 231 2103 καὶ
249 2032 328 2112 τούς
343 2038 436 2119 μέχρι
452 2034 629 2119 τριάκοντα
643 2025 697 2120 ἔτη
715 2033 893 2118 γεγονότας
910 2035 1040 2117 ἐξιέναι,

91 2132 161 2202 άντὶ
173 2139 235 2200 τοῦ
245 2138 453 2216 παραδοῦναι
468 2134 507 2200 τά
524 2139 626 2218 χωρία
636 2135 793 2222 Προξένῳ
804 2139 926 2219 ἔδησαν
937 2136 971 2200 οί
980 2131 1041 2198 τό·

94 2258 208 2317 ραννοι
218 2232 297 2313 τούς
312 2237 465 2320 πρέσβεις
480 2234 559 2310 τούς
569 2234 872 2326 ἐπαγγελλομένους
884 2227 965 2317 ὑμίν
975 2255 1041 2298 πα-

95 2332 255 2415 ραδώσειν
265 2332 305 2399 τὰ
318 2331 543 2419 φυλακτήρια,
567 2334 621 2400 καὶ
635 2345 705 2410 ,τοῖς
716 2331 963 2417 σπονδοφόροις
972 2343 1040 2406 τοῖς
1058 2345 1111 2398 3οθ

95 2429 148 2508 τὰς
164 2432 424 2519 μυστηριώτιδας
443 2429 589 2511 σπονδάς
607 2435 846 2517 ἐπαγγέλλουσι
862 2431 960 2515 μόνοι
973 2435 1041 2494 τῶν

91 2526 253 2617 Ἑλλήνων
271 2537 397 2610 Φωκεῖς
415 2528 476 2598 οὐκ
494 2533 697 2597 ἐσπείσαντο.
717 2525 1041 2611 καὶπάλιυἏρχιδά-

95 2652 155 2711 μου
176 2635 238 2696 τοῦ
258 2630 421 2708 Λάκωνος
437 2627 709 2714 παραλαμβάνειν
730 2625 828 2703 ὄντος
849 2626 981 2709 ἑτοίμου
1001 2621 1041 2690 τά

96 2733 190 2811 χωρία
211 2729 267 2794 καλ
289 2726 468 2815 φυλάττειν
489 2723 552 2793 οὐκ
568 2727 787 2809 ἐπείσθησαν,
814 2720 887 2792 ἀλλ’
906 2719 1042 2804 ἀπεκρί-

99 2849 192 2892 ναντο
213 2821 306 2916 αὐτῷ
322 2824 361 2893 τά
378 2831 437 2910 τής
454 2823 611 2912 Σπάρτης
623 2819 715 2890 δεινά
727 2823 871 2890 δεδιέναι
881 2822 936 2889 καὶ
948 2816 992 2905 μή
1004 2816 1044 2885 τά

47 2925 83 2980 [λι
99 2921 171 3006 παρ’
190 2921 313 3002 αὐτοῖς.
346 2920 522 2990 κάνταύθα
545 2919 640 2988 οὕτω
664 2924 857 2989 διελέλυσθε
878 2924 1042 2999 Φιλίππω,
1060 2933 1114 2988 303
1160 2923 1162 2927 ’

99 3015 166 3088 ἀλλ’
184 3025 223 3088 έν
240 3029 280 3109 τή
296 3019 382 3110 αὐτή
397 3018 503 3108 ἡμέρᾳ
520 3026 599 3107 περί
611 3045 645 3087 τε
656 3027 713 3106 τῆς
725 3017 858 3105 εἰρήνης
869 3015 1044 3101 ἐβουλεύε-

100 3130 155 3187 σθε
165 3123 222 3190 καλ
233 3128 291 3208 τής
307 3123 479 3207 έπιστολής
488 3119 627 3208 ήκοόετε
636 3127 694 3206 τῆς
704 3122 891 3201 Προξένου,
905 3115 956 3184 ὅτι
968 3124 1046 3184 Φω-

101 3233 161 3298 κεῖς
171 3219 213 3288 οὐ
225 3221 501 3309 παραδεδώκασιν
516 3218 605 3307 αὐτῷ
622 3219 663 3286 τά
680 3225 797 3304 χωρία,
820 3217 875 3282 καὶ
886 3219 919 3281 τί
928 3215 968 3281 τά
979 3241 1045 3300 μυ-

102 3320 211 3406 στήρια
233 3324 489 3408 ἐπαγγέλλοντες
510 3321 636 3409 μόνους
657 3326 726 3386 τών
749 3315 862 3385 ἄλλων
878 3312 1045 3400 Ἑλλήνων

103 3414 271 3506 ἀπέφηναν
291 3423 426 3500 Φωκέας
438 3419 478 3489 οὐ
491 3421 707 3506 δεδεγμένους
718 3414 776 3495 τάς
788 3411 949 3498 σπονδάς,
961 3410 1046 3481 άλλά

103 3518 239 3599 καὶτοὺς
250 3523 350 3607 δεῦρο
363 3519 566 3606 ἐληλυθότας
578 3509 729 3604 πρέσβεις
741 3511 922 3588 δεδεκότας.
948 3511 998 3579 ὅτι
1010 3513 1044 3580 δδ
