2474 3946
345 270 474 328 ΚΑΤΑ
497 271 766 331 TIMAPXOY.
993 271 1035 335 27

77 432 143 516 μέν
158 425 244 499 εἶναι
257 435 384 516 πολλῆς
402 425 591 515 ἀβελτερίας
609 427 795 516 φήσουσιν,
817 427 838 500 6
855 431 920 518 ἐγύ
938 434 1035 518 λέγω,

79 523 262 605 ἀξιώσουσι
284 527 322 608 δέ
343 551 384 612 με
412 526 582 613 μάρτυρας
603 531 831 613 παρασχέσθαι
852 529 1035 617 διαρρήδην

81 630 352 710 μαρτυροῦντας,
378 621 468 692 ὅπου
489 629 666 711 ἐπραττεν,
689 622 780 704 ὅπως
800 627 920 713 ἐποίει,
944 622 967 713 ή
987 633 1036 705 τίς

22 730 65 786 '12
82 719 190 806 εἶδεν,
205 716 228 806 ή
238 725 290 800 τίς
297 713 518 806 ήνὸτρδπος,
535 728 689 808 πρᾶγμα,
708 720 815 808 οἶμαι,
834 719 967 802 ἀναιδές
980 727 1034 794 λέ-

80 843 208 904 γοντες.
230 815 273 885 ού
287 817 353 904 γάρ
369 822 473 903 ἐγωγε
494 815 722 906 ὑπολαμβάνω
739 817 846 899 οὕτως
861 817 950 906 ὑμᾶς
963 822 1036 886 ἐπι-

81 913 365 1003 λήσμοναςεέναι,
388 908 861 1006 ύστεάμνῃμονετνάνδλίγμ
871 915 1038 1003 πρότερον

81 1011 250 1100 ἠκούσατε
266 1010 611 1101 ἀναγιγνωσκομένων
629 1022 700 1083 τάν
709 1013 838 1101 νόμων,
860 1017 899 1084 ἐν
916 1009 964 1094 οές
981 1020 1039 1101 γέ-
1053 1027 1086 1082 9⁵

81 1134 242 1200 γραπται,
264 1110 324 1178 ἐάν
333 1137 383 1190 τις
393 1112 604 1199 μισθώσηταί
608 1138 684 1180 τινα
693 1110 880 1200 Ἀθηναίων
891 1116 946 1184 ἐπὶ
955 1113 1038 1183 ταύ-

81 1235 149 1296 τήν
157 1207 218 1294 τήν
228 1206 379 1297 πρᾶξινή
389 1210 449 1280 ἐάν
458 1237 507 1291 τις
518 1208 637 1282 ἑαυτὸν
647 1210 813 1300 μισθώσῃ,
824 1215 942 1299 ἔνοχον
952 1212 1038 1281 εἶναι

81 1317 153 1387 ταῖς
163 1313 330 1395 μεγίσταις
344 1311 400 1377 καὶ
417 1322 485 1390 τοῖς
501 1319 585 1390 ίσοις
601 1313 781 1398 ἐπιτιμίοις.
803 1315 852 1388 τίς
869 1301 933 1378 οὖν
948 1307 1037 1377 οὕτω

82 1404 292 1491 ταλαίπωρός
307 1407 401 1475 ἐστιν
414 1405 611 1495 ἅνθρωπος,
634 1406 725 1487 ὅστις
741 1402 785 1475 ἀν
796 1405 966 1493 ἐθελήσειε
975 1426 1039 1476 σα·-

85 1510 160 1589 φάς
174 1503 332 1591 τοιαύτην
348 1511 534 1592 μαρτυρίαν
552 1514 776 1594 μαρτυρήσαι,
799 1506 831 1584 ἐξ
848 1495 888 1590 ἧς
898 1502 1039 1592 ἀπάρχει

86 1598 194 1692 αύτῷ,
214 1600 276 1671 ἐάν
297 1599 428 1689 τάληθῆ
444 1603 657 1693 μαρτυρήσῃ,
678 1603 903 1673 ἐπιδεικνύναι
920 1608 1038 1690 ἐνοχον

35 1712 71 1768 ⁷3
85 1695 169 1768 ὅντα
179 1696 300 1769 ἑαυτὸν
310 1714 378 1780 τοῖς
388 1701 535 1786 ἐσχάτοις
550 1704 737 1787 ἐπιτιμίοιςς
758 1700 886 1770 οὐκοῦν
896 1698 1038 1769 ὑπόλοι-

87 1796 154 1866 πόν
167 1799 238 1866 ἐστι
258 1796 320 1868 τδν
341 1800 536 1868 πεπονθότα
553 1796 738 1886 ὁμολογεῖν.
761 1799 845 1868 ἀλλά
865 1798 920 1867 διά
938 1807 1038 1867 τοῦτο

88 1903 255 1984 κρίνωσι,
275 1895 329 1966 δτι
342 1906 447 1966 ταῦτα
456 1897 582 1985 πράξας
592 1895 682 1984 παρὰ
692 1895 772 1977 τούς
781 1897 907 1983 νόμους
917 1899 1041 1982 ἐδημη·

88 1998 189 2085 γδρει.
212 1998 379 2086 βούλεσθε
395 1992 459 2067 οὖν
475 1996 513 2066 τὸ
529 1997 612 2066 ὅλον
629 2005 764 2083 πρᾶγμα
780 1990 1037 2082 άφωμενκαί
995 2020 1040 2080 μη

90 2104 252 2186 ζῃτωμεν,
265 2095 318 2220 νή
333 2095 393 2167 τδν
402 2100 553 2166 Ποσειδω
565 2095 708 2175 καλως”
685 2121 751 2181 αρα
761 2093 825 2181 τήν
835 2092 934 2194 πάλιν
946 2094 1039 2179 οίκή·

90 2221 208 2320 σομιν,
229 2204 275 2283 εί,
296 2225 318 2266 α
302 2193 429 2267 αυτοὶ
439 2204 526 2290 ἐργω
538 2196 843 2285 δσμενγιγνύμενα,
865 2190 1039 2264 ταῦταέἀν

89 2300 136 2386 μή
151 2323 201 2377 τις
215 2302 316 2383 δεῦρο
333 2298 515 2383 παρελθών
531 2305 647 2385 σοφάς
663 2296 732 2384 ἅμα
747 2293 833 2366 ταδ’
813 2295 1041 2382 αναισχύντως

91 2395 303 2486 μαρτυρήσῃ,
315 2396 370 2466 διά
380 2405 480 2467 τοῦτο
491 2398 725 2485 ἐπιλησόμεθα.

44 2506 76 2562 74
168 2498 356 2577 Σκέψασθε
373 2496 410 2564 δέ
425 2499 482 2564 καὶ
499 2499 535 2563 ἐκ
554 2491 845 2582 παραδειγμάτων
866 2484 1038 2575 ἀνάγνωθ’

90 2604 171 2674 λσως
188 2599 279 2662 ἐσται
295 2593 508 2681 παραπλήσια
525 2597 771 2678 παραδείγματα
786 2589 871 2658 εἶναι
885 2600 954 2665 τοϊς
964 2584 1043 2667 τρό-
1057 2597 1092 2652 96

90 2713 166 2770 ποις
174 2703 244 2770 τοῖς
255 2687 459 2778 Τιμάρχου*
445 2696 543 2775 οράτε
552 2691 708 2757 τουτουσὶ
720 2686 799 2764 τούς
809 2685 861 2752 ἐπί
870 2707 940 2750 των
950 2687 1045 2767 οἰκη-

90 2789 206 2878 μάτων
224 2791 485 2878 καθεζομένους,
504 2784 585 2867 τούς
601 2783 875 2873 ὁμολογουμένως
883 2779 947 2870 τήν
956 2786 1045 2864 πρά-
1103 2808 1104 2812 ’

91 2895 142 2971 ξιν
163 2887 378 2977 πράττοντας.
401 2881 496 2958 ούτοι
515 2882 674 2976 μέντοι”
653 2910 736 2954 οταν
750 2880 835 2971 πρὸς
850 2891 892 2972 τῇ
913 2878 1044 2969 ἀνάγκῃ

91 2987 199 3078 ταύτῃ
213 2986 450 3076 γίγνωνται,”
429 3013 519 3075 ομως
534 2985 599 3070 πρό
609 3011 648 3072 γε
658 2991 716 3070 τῆς
726 2982 884 3070 αἰσχύνης
893 2977 1045 3067 προβάλ·

91 3094 212 3158 λονταί
223 3113 256 3156 τι
270 3088 325 3156 καί
343 3085 550 3178 συγκλήαυσι
570 3081 629 3163 τάς
644 3084 763 3168 θύρας.
784 3087 816 3149 εί
832 3077 874 3165 δή
886 3101 935 3154 τις
960 3073 1047 3166 ἀμοῖς

92 3192 202 3275 ἐροιτο
214 3184 294 3266 τούς
302 3181 371 3275 ὁδῷ
382 3185 639 3270 πορευομένους,
651 3187 736 3250 τέ’
691 3205 757 3248 νυν
768 3168 866 3254 οὗτος
877 3201 895 3243 ο
885 3171 1047 3258 ’ἀνθρω-
1061 3182 1094 3240 θλ

92 3311 155 3369 πος
164 3288 317 3375 πράττει,
329 3279 468 3364 εύθύς’“
447 3310 491 3351 αν
501 3292 622 3352 ελποιτε
632 3307 693 3350 του
680 3285 806 3366 ἐργου
814 3272 974 3360 τυυνομα,
985 3268 1047 3357 ούχ

19 3421 20 3470 ,
93 3383 291 3475 ὁρωντες
255 3377 667 3506 τονιίσελῃλυθάταὸστις
674 3370 734 3464 ήν,
756 3369 892 3444 ἀλλὰ
855 3374 1048 3460 τηνπροαί-

19 3473 20 3478 ¹
95 3507 190 3573 ρισιν
205 3494 265 3572 τής
277 3489 431 3573 ἐργασίας
448 3507 510 3550 του
495 3478 714 3560 άνθριάπον
730 3469 918 3553 συνειδότες
934 3471 989 3539 καὶ
1009 3467 1047 3538 τὸ
