2474 3946
356 277 480 332 ΚΑΤΑ
504 276 725 334 TIMAPXO
737 277 770 333 Y.
998 275 1039 338 61

85 433 143 502 καὶ
160 429 221 502 τόν
235 437 378 519 αἰσχράς
387 441 474 500 οίκοι
484 432 668 518 βεβιωκότα
678 437 739 514 ἔξω
750 441 809 518 τής
819 433 948 513 πόλεως
959 457 1041 517 πρε-

86 531 232 622 σβευτήν
242 533 430 619 πέμψομεν,
442 533 497 600 καὶ
508 529 614 622 τούτῳ
629 533 782 616 περὶτῶν
793 537 956 617 μεγίστων
967 538 1040 601 δια-

86 630 324 716 πιστεύσομενς
344 636 379 697 τί
392 627 423 698 δ’
442 627 505 699 ούκ
523 625 567 696 ἀν
583 627 739 697 ἀποδοῖτο
751 625 769 695 ὁ
781 626 915 714 τὴντοῦ
927 630 1040 715 σάμα-

86 753 144 807 τος
154 725 256 814 υβριν
267 726 458 815 πεπρακοίςς
450 723 629 794 ·’τίναδ
606 753 651 794 αν
661 751 760 804 ουτος
772 725 963 878 ἐλεήσειεν
947 753 965 795 ο
978 725 1040 794 αύ-

87 826 149 894 τόν
160 823 223 895 ούκ
235 825 387 912 ἐλεήσας,

12 939 69 993 189
176 921 336 992 Tc'mO'‘
317 932 414 1010 υμοῐν
429 920 492 990 ούκ
510 918 696 1042 εὔγνωστός
717 917 846 988 ἐστιν
824 948 846 1007 η
872 919 1040 1006 Τιμάρχου

87 1027 262 1112 βδελυρίας
286 1020 397 1106 ωσπερ
417 1020 481 1109 γὰρ
505 1017 582 1099 τούς
602 1020 887 1106 γυμναζομένους,
908 1013 974 1087 κάν
996 1015 1040 1105 μή

87 1126 248 1208 παρῶμεν
266 1121 303 1187 ἐν
318 1134 387 1200 τοῖς
405 1123 668 1207 γυμνασίοις,ί
637 1144 683 1196 ες
703 1116 762 1196 τάς
783 1114 908 1197 εὐεξίας
928 1115 1041 1184 αύτων

88 1216 332 1303 ἀποβλέποντες
347 1217 591 1304 γιγνώσκομεν,
613 1214 701 1284 οὕτω
719 1212 798 1294 τούς
814 1216 1041 1300 πεπορνευμέ-

87 1339 182 1400 νους,
193 1310 259 1383 κάν
269 1315 313 1402 μή
324 1324 483 1403 παρεῖμεν
493 1312 604 1383 αύτοῖν
614 1327 681 1393 Ιτοις
691 1319 815 1401 ἔργοις,
828 1316 864 1381 ἐκ
874 1319 932 1400 τής
943 1309 1041 1378 ἀναι-

87 1416 179 1488 δείας
189 1413 243 1480 καὶ
258 1421 320 1480 τού
335 1414 487 1500 θράσους
496 1415 551 1481 καὶ
561 1419 630 1480 τοῖν
638 1410 907 1498 ἐπιτηδευμάτων
916 1408 1042 1496 γιγνό-

88 1523 221 1595 σιιομεν.
246 1507 341 1597 ὁγὰρ
352 1513 426 1598 περὶ
436 1520 505 1579 τοῖν
516 1517 679 1596 μεγίστων
690 1509 769 1590 τούς
779 1511 904 1597 νόμους
914 1512 970 1577 καὶ
980 1509 1042 1595 τήν

87 1607 317 1694 σωφροσύνην
338 1605 507 1690 ύπεριδάν
531 1613 595 1692 ἔχει
614 1605 690 1674 τινά
710 1609 778 1687 ἕξιν
799 1614 857 1694 της
874 1615 998 1693 ψυχῆς,
1019 1603 1042 1693 ἣ

87 1702 362 1789 διάδηλοςέκτής
372 1700 531 1789 ἀκοσμίας
540 1711 602 1770 τοῦ
611 1703 739 1787 τρόπου
747 1710 902 1790 γίγνεται.

22 1814 71 1868 190
176 1805 359 1878 Πλείστους
373 1799 405 1868 δ’
417 1797 460 1868 ἀν
471 1798 597 1885 εὕροιτ’
608 1806 643 1868 ἐκ
653 1801 893 1868 τῶντοιούτων
903 1801 1043 1890 ἀνθρύ-

89 1920 164 1966 πων
174 1897 287 1975 πόλεις
304 1893 568 1983 ἀνατετροφότας
584 1901 639 1966 καλ
653 1911 723 1976 ταῖς
732 1904 898 1984 μεγίσταις
909 1918 1039 1986 συμφο-

91 2009 163 2078 ραίς
173 1991 297 2072 αύτούς
307 1996 602 2083 περιπεπτωκότας.
623 1994 667 2082 μή
679 1994 744 2081 γάρ
756 2005 885 2081 οἴεσθε,
905 1990 1043 2082 οἷἈθη-

91 2107 197 2177 ναῖοι,
213 2088 273 2170 τοὶς
283 2101 351 2160 τοῖν
362 2092 573 2180 ἀδικημάτων
584 2094 685 2182 ἀρχάς
695 2091 761 2163 ἀπό
772 2101 881 2180 θετόν,
894 2092 968 2164 ἀλλ’
981 2092 1043 2182 ούγ
1058 2096 1110 2155 18⁰

90 2188 149 2259 ὑπ’
169 2191 361 2280 ἀνθρώπων
378 2191 548 2279 ἀσελγείας
563 2199 754 2279 γίγνεσθαι,
776 2190 859 2280 μηδὲ
873 2190 953 2272 τούς
961 2191 1042 2280 ήσε-

91 2289 251 2376 βηκότας,
272 2291 427 2376 καθάπερ
443 2293 784 2382 ἐνταίςτραγφδίαις,
805 2291 1042 2371 Ποινάςέλαύ-

30 2405 72 2458 ι91
93 2411 169 2453 νειν
180 2389 234 2454 καὶ
248 2387 399 2468 κολάζειν
416 2391 513 2477 δᾳσὶν
528 2386 703 2474 ήμμίναις·
726 2387 799 2456 ἀλλ’
820 2393 857 2456 αί
871 2399 1043 2471 προπετεῖς

91 2493 156 2554 τοῦ
178 2485 335 2573 σώματος·
343 2486 462 2575 ἡδοναὶ
482 2491 538 2557 καὶ
558 2487 596 2556 τό
617 2488 720 2574 μηδὲν
741 2485 859 2554 ἱκανόν
874 2483 1041 2572 ἡγελσθαι,

91 2589 198 2650 ταῦτα
215 2591 338 2669 πληροῖ
350 2581 393 2667 τάΙ
407 2583 586 2670 λῃστήρια,
608 2580 702 2650 ταῦτ’
717 2588 763 2660 είς
773 2579 833 2649 τόν
844 2583 1044 2664 ἐπακτροκέ-

91 2687 175 2765 λητα
185 2681 365 2769 ἐμβιβάζει,
376 2678 480 2748 ταῦτά
490 2682 579 2746 ἐστιν
589 2677 715 2767 ἑκάστω
725 2674 849 2761 Ποινή,
863 2683 967 2744 ταῦτα
977 2699 1044 2743 πα-
1060 2687 1110 2740 181

92 2778 305 2859 ρακελεύεται
326 2777 486 2864 σφάττειν
507 2772 586 2854 τούς
606 2779 756 2860 πολίτας,
779 2771 956 2862 ύπηρετείν
975 2787 1044 2854 τοῖς

91 2869 1044 2962 τυράννοις,σνγιιαταλύειντόνδήμον.ούγάρτήναίσχύ-

91 2997 156 3057 νην
172 2968 249 3039 οὐδ’
267 2969 290 3039 ά
305 2980 474 3042 πείσονται
484 2976 682 3057 λογίζονται,
705 2967 778 3038 ἀλλ’
791 2966 847 3057 ἐφ’
861 2965 911 3048 οἷς
921 2993 1043 3052 κατορ-

91 3067 265 3147 θύσαντες
275 3068 585 3158 εὐφρανθήσονται,
597 3069 726 3148 τούτοις
737 3066 943 3154 κεκήληνται.
957 3067 1044 3146 ἐξαι-

93 3158 268 3252 ρεῑτόύν,
293 3161 515 3254 ὦἈθηναίοι,
539 3167 598 3246 τάς
613 3166 766 3246 τοιαύτας
777 3165 897 3252 φύσεις
904 3213 913 3248 ,
936 3158 1042 3230 καὶτὰ

92 3268 159 3330 τόν
169 3263 259 3332 νέων
271 3264 440 3352 ζηλώματα
452 3263 505 3331 ἐπ’
516 3262 638 3353 ἀρετήν
648 3265 889 3351 προτρέψασθε.

18 3373 77 3444 1192
174 3353 229 3430 Εύ
246 3361 278 3429 δ’
298 3366 494 3448 ἐπίστασθε,
515 3369 575 3431 καί
587 3389 644 3449 μοι
659 3361 792 3447 σφόδρα
803 3357 840 3427 τό
852 3359 1044 3445 με’λλονρη·

92 3456 262 3543 θήσεσθαι
272 3458 559 3545 διαμνημονεύετε,
571 3465 602 3527 εί
610 3456 780 3545 μὲνδάσει
789 3462 858 3524 τῶν
869 3457 1043 3543 όπιτηδευ·
1062 3469 1113 3524 182
