2442 3948
151 269 192 332 58
573 263 700 317 umor
1015 269 1067 318 On.
1088 267 1120 318 δ.

152 431 500 524 σοι’ματοςήγωνίζετο·
518 439 585 506 υῦν
603 433 657 525 δ’,
676 428 704 511 ἀ
714 427 834 528 ἀνδρες
854 442 1019 525 δικασταί,
1038 442 1123 507 τοῦ·

152 564 210 606 τον
230 536 292 624 μέν
313 532 425 625 ἀλλος,
450 534 507 606 έάν
524 565 573 618 τις
590 535 764 626 βούληται,
788 535 1020 627 τιμωρήσεται,
1038 566 1122 608 του-

100 648 132 702 31
151 637 235 706 τοισὶ
255 631 285 705 δ’
304 631 398 726 ὑμεῖς
416 633 619 726 βοηθήσατε,
638 642 693 708 καὶ
710 635 754 728 μή
766 641 842 728 περὶ
853 645 1003 718 πλείονος
1021 637 1123 726 τοιή-

152 748 258 824 σησθε
284 734 362 818 τούς
388 733 511 817 ἀδίκως
536 733 710 830 τάλλότρια
733 745 819 828 ἔχειν
848 741 1072 826 βουλομένους
1098 733 1123 826 ή

151 833 229 918 τούς
245 839 335 924 μένει
351 840 399 929 τῷ
422 840 580 907 τεθνεῶτι
604 836 827 929 προσήκοντας
851 841 906 907 καὶ
923 841 1021 928 χωρὶς
1038 837 1124 908 κου’·

151 965 219 1006 των
235 933 300 1059 ήδη
317 964 349 1007 τι
367 939 495 1008 ἐκείνου
513 933 781 1029 εὖεργετηκότας,
804 934 888 1008 ἀλλά
904 941 960 1007 καὶ
976 941 1043 1007 τῶν
1061 937 1125 1008 νό·

152 1063 225 1125 μων
236 1032 504 1126 ἀναμνησθέντες
515 1040 570 1107 καὶ
582 1067 649 1109 των
657 1035 776 1160 ὅρμων
786 1034 846 1119 οδς
859 1034 1019 1160 ὠμόσατε,
1031 1036 1125 1128 πρὸς

155 1137 192 1206 δέ
208 1135 338 1218 τούτοις
355 1141 469 1207 καὶ
422 1166 490 1208 των
501 1142 690 1229 μαρτυριοῖν
701 1134 739 1219 ἀς
756 1134 850 1228 ’ἡμεῖς
868 1136 1124 1228 παρεσχήμεθα,

153 1233 194 1306 τά
212 1242 323 1308 δίκαια
339 1245 596 1332 ψηφίσασθε

559 1311 711 1508 L.

622 1701 649 1760 5.

176 1829 301 1906 ΠΕΡΙ
322 1828 428 1904 ΤΟΤ
454 1826 844 1904 ΔΙΚΑΙΟΓΕΝΟΤΣ
870 1827 1111 1904 ΚΛΗΡΟΤ.

493 2063 774 2116 mmmm.

241 2198 452 2292 Δικαιογένους
480 2194 703 2300 τελευτήσαντος
735 2189 860 2270 ἀπαιδος
893 2196 940 2258 ἐπὶ
966 2196 1126 2278 τέσσαρσιν

196 2276 337 2382 ἀδελφαῖς
358 2269 556 2384 Πρόξενος
534 2303 589 2382 ηκε
612 2275 775 2390 διμθήκην
784 2279 916 2360 έχων,έ
918 2306 934 2341 ν
954 2305 973 2363 η
994 2287 1124 2342 Δικαιο-

197 2359 315 2446 μένης
302 2389 317 2426 ο
339 2361 510 2467 τελευτήσας
530 2358 581 2426 τὸν
601 2359 670 2426 υίὸν
684 2359 791 2441 αυτοῦ,
812 2387 864 2425 του
851 2364 1038 2445 Προξένου,
1060 2371 1123 2426 Δι-

174 2449 355 2552 ,καιομένην
387 2441 452 2510 νίδν
479 2441 569 2510 θετὸν
597 2446 753 2547 ε’τιοιήσατο
779 2445 828 2508 έκι
855 2451 897 2534 τῷ
925 2449 1011 2533 τρίτην
1036 2449 1126 2551 μέρει

197 2536 249 2612 τής
273 2527 382 2607 οὐσίας.
425 2535 530 2594 τοῦτον
554 2527 636 2596 δὲ
607 2557 659 2596 τον
683 2525 795 2630 τρόπον
812 2507 1100 2633 διανειμαμένων’
1061 2556 1124 2594 αν-

197 2620 257 2680 τῶν
278 2611 331 2698 τήν
352 2611 424 2696 ὅλην
444 2611 563 2696 οὐσίαν,
590 2622 754 2679 τελεοταιον
772 2600 899 2692 ήλθεν
885 2639 900 2676 ο
920 2608 986 2689 υίὸς
1007 2615 1124 2696 Προξέ-

198 2725 252 2762 νου
280 2702 473 2806 Δικαιομένης
502 2697 624 2804 φάσκων
649 2699 697 2762 έιιὶ
726 2693 781 2799 ολη
803 2703 838 2784 τῇ
864 2693 950 2784 ουσίμ
965 2699 1126 2798 γεγονέναι

198 2782 278 2863 υίός,
300 2785 351 2847 καί
365 2781 489 2864 νικήσας
508 2778 646 2890 ἀνέλαβε
652 2784 703 2846 καὶ
724 2777 760 2844 τά
782 2759 835 2844 δίο
856 2763 943 2864 μέρη
951 2785 1010 2846 τῶν
1032 2777 1123 2845 ἀδελ-

199 2872 266 2970 ιρῶν
291 2869 344 2930 τοῦ
368 2865 598 2946 τελευτήσαντος.
618 2865 748 2969 ὕστερον
776 2864 866 2928 τιάλιν
891 2869 923 2928 ot
939 2869 1040 2939 παῖδες
1060 2871 1124 2928 τῶν

198 2946 335 3029 ἀδελφῶν
357 2947 546 3032 δικασάμενσι
570 2946 644 3054 πρὸς
670 2951 935 3054 Δικαιομένηνένί
902 2955 1041 3052 νίκησαν,
1067 2952 1122 3012 καὶ

199 3035 341 3098 συνέθετο
357 3035 553 3137 Διμαιογένης
566 3030 729 3098 ἀκοδοῦναι
745 3033 845 3179 πάλιν,
848 3027 884 3096 τά
905 3030 1008 3097 δείν’
973 3058 1046 3116 μερη
1064 3029 1121 3096 αιἰ-

74 3179 83 3198 ,
199 3142 260 3193 τοις
270 3112 406 3219 καθαρὰ
430 3119 481 3182 καί
502 3113 697 3198 ἀνέκαφα,έ
697 3118 845 3224 γμυησαμέ
845 3141 898 3180 νου
917 3121 1010 3180 ταῦτα
1031 3125 1120 3180 Λεω-

198 3199 315 3285 χάρους.
351 3206 408 3266 νῦν
429 3203 461 3267 δὲ
480 3199 670 3304 ἀρνουμένων
689 3228 725 3265 τα
747 3198 871 3278 δόξαντα
891 3206 951 3265 τῶν
971 3201 1038 3284 περι
1062 3207 1120 3263 Δι-

200 3288 357 3386 καιομένην
386 3287 437 3350 και
463 3286 644 3392 Λεωχάρην,
678 3286 851 3368 ἐγκαλοῦσιν
878 3288 910 3348 οί
932 3287 1034 3359 παιδες
1059 3309 1122 3348 των

200 3367 343 3473 ἀδελφῶν
361 3372 428 3451 περὶ
456 3396 516 3434 των
543 3371 597 3435 δύο
620 3395 717 3472 μερων
737 3374 779 3456 τῷ
799 3370 854 3451 μέν
876 3364 915 3444 ὦς
934 3368 1121 3473 συνθεμένω,

198 3479 240 3554 τῳ
268 3447 343 3519 δέ
323 3481 362 3532 ως
390 3456 526 3539 έμμυητή.
563 3449 601 3518 H
627 3452 725 3530 στάσις
754 3434 928 3535 στοχασμός·
956 3449 1121 3536 ἀρνοῦνται

199 3563 264 3620 ίαθ·
