2510 3948
185 262 245 324 146
513 258 770 316 ΑΙΣΧΙΝΟΤ

183 425 337 510 βιβάσας,
358 413 467 506 ήλθον
485 417 540 506 ἐφ’
555 416 640 506 ἡμᾶς
650 416 694 498 ὡς
704 417 952 506 ἀναιρήσοντες.
973 422 1029 488 καὶ
1049 426 1085 489 εί
1100 423 1154 507 μή
1173 432 1206 486 88

184 530 317 605 πρῶτον
328 519 389 608 μὲν
399 527 492 587 θεῶν
502 547 552 598 τις
563 525 666 587 ἔσωσε
677 517 714 586 τὸ
731 518 967 603 στρατόπεδον,
981 516 1100 586 ἔπειθ’
1115 523 1158 587 οί

183 628 379 706 στρατιῶται
397 623 431 687 οί
445 615 597 704 ὑμέτεροι
619 621 673 685 καὶ
694 619 784 698 πεζοὶ
806 619 861 686 καὶ
883 621 995 697 ἱππεῖς
1017 617 1153 703 ἀνδρες

183 719 306 803 ἀγαθοὶ
318 721 470 804 ἐγένοντο
481 721 536 784 καί
554 712 643 801 παρά
655 717 714 784 τόν
725 717 936 803 ἱππόδρομον
945 713 1009 784 τὸν
1019 719 1058 784 έν
1074 725 1149 785 Τα-

183 816 304 904 μύναις
327 819 363 885 ἐκ
391 816 603 901 παρατάξεως
629 816 717 904 μάχη
744 817 966 903 κρατήσαντες
994 814 1149 902 ἀφεῖσαν

183 915 421 995 ὑποσπόνδους
431 913 510 994 τοὺς
520 921 714 1002 πολεμίους,
732 916 969 984 ἐκινδύνευσεν
981 913 1026 983 ἀν
1039 914 1063 1004 ή
1078 917 1146 984 πό-
1247 1003 1248 1006 ¹

184 1025 234 1093 λις
245 1023 394 1099 αίσχιστα
411 1024 550 1082 παθεῖν·
572 1012 613 1081 ού
630 1013 695 1098 γάρ
712 1012 749 1081 τό
763 1019 965 1101 δυστυχῆσαι
975 1014 1066 1083 κατά
1078 1015 1144 1084 πό-

110 1137 166 1190 ςςο
185 1124 286 1198 λεμον
297 1111 452 1198 μέγιστόν
464 1116 531 1181 ἐστι
541 1111 665 1196 κακόν,
687 1109 761 1180 ἀλλ’
781 1111 863 1182 όταν
879 1141 927 1193 τις
939 1114 1023 1202 πρός
1034 1114 1142 1182 ἀντα-
1247 1139 1248 1208 3

182 1207 347 1296 γωνιστάς
371 1210 526 1292 ἀναξίους
553 1209 659 1280 αὑτοῦ
689 1213 954 1281 διακινδυνεύων
975 1213 1141 1298 ἀποτύχῃ,
1247 1209 1248 1226 ’

184 1315 360 1378 διπλασίαν
372 1308 460 1388 είκός
471 1309 556 1378 εἶναι
567 1307 628 1394 τήν
639 1309 827 1397 συμφορήν.
847 1309 922 1380 ἀλλ’
942 1311 1028 1400 ὅμως
1040 1310 1140 1397 ύμεῐς

182 1418 319 1478 τοιαῦτα
334 1409 541 1487 πεπονθότες
558 1410 660 1476 πόλιν
684 1409 884 1478 διελύσασθε
902 1408 986 1497 πρός
1002 1408 1138 1489 αὐτούς.
1247 1407 1248 1466 J

185 1505 294 1593 τυχόν
311 1507 347 1575 δὲ
364 1503 443 1589 παρ’
463 1503 559 1591 ύμεδν
577 1505 777 1593 συγγνώμης
796 1514 942 1588 Καλλίας
968 1506 986 1577 ὁ
1010 1517 1139 1576 Χαλκι-
1151 1515 1183 1571 89

185 1601 263 1682 δεύς
285 1601 406 1688 μικρὸν
428 1601 591 1670 διαλιπών
614 1606 738 1692 χρόνον
755 1606 857 1673 πόλιν
872 1597 933 1692 ήκε
949 1606 1140 1693 φερόμενος

185 1708 230 1780 είς
247 1699 308 1788 τήν
327 1704 449 1769 ἑαυτοῦ
465 1703 585 1790 φύσιν,
607 1701 779 1790 Εὐβοϊκόν
795 1707 856 1790 μὲν
872 1706 1021 1796 τῷλόγῳ
1036 1710 1139 1774 συνέ-

185 1805 280 1886 δριον
291 1806 337 1880 είς
354 1805 503 1870 Χαλκίδα
521 1802 696 1887 συνάγων,
718 1802 857 1888 ίσχυράν
867 1803 903 1870 δὲ
913 1803 974 1889 τήν
983 1801 1138 1890 Εὔβοιαν

182 1895 236 1984 ἐφ’
257 1895 344 1984 ὑμᾶς
354 1903 439 1988 ἔργω
451 1900 725 1983 παρασκευάζων,
750 1904 915 1983 ἐξαίρετον
927 1899 959 1968 δ’
972 1900 1066 1991 αύτῷ
1076 1927 1135 1968 τυ-

184 1999 324 2078 ραννίδα
335 1995 616 2082 περιποιούμενος.
629 1999 684 2064 καλ
695 1997 816 2083 ταύτης
830 2000 968 2078 ἐλπίζων
979 2018 1135 2082 συναγω-

183 2090 300 2176 νιστήν
317 2099 484 2162 Φίλιππον
500 2095 667 2180 λήψεσθαι
685 2092 838 2180 ἀπῆλθεν
855 2101 900 2174 είς
915 2099 1134 2164 Μακεδονίαν

182 2190 237 2256 καὶ
248 2188 376 2274 περιῄει
386 2187 467 2273 μετά
480 2198 664 2278 Φιλίππου,
686 2193 742 2260 καί
759 2201 827 2260 των
838 2195 977 2278 ἑταίρων
989 2189 1035 2272 εἷς
1047 2191 1134 2260 ἀνο-

184 2286 308 2376 μάζετο.
333 2284 490 2374 ἀδικήσας
501 2291 536 2355 δὲ
547 2296 714 2358 Φίλιππον
726 2288 885 2359 κάκείθεν
896 2289 1044 2376 ἀποδράς
1055 2287 1138 2358 ύπέ-
1151 2305 1182 2359 90

183 2395 305 2477 βαλλεν
322 2381 442 2455 ἑαυτόν
461 2388 574 2473 φέρων
591 2395 760 2475 Θηβαίοις
779 2390 1006 2476 ἐγκαταλιπόν
1020 2391 1056 2458 δὲ
1073 2389 1136 2458 κά-

183 2495 325 2576 κείνους,
337 2488 392 2556 καὶ
402 2494 536 2566 πλείους
546 2487 753 2573 τραπόμενος
763 2486 887 2573 τροπάς
897 2497 960 2556 τού
969 2487 1134 2574 Εὐρίπου,

183 2584 263 2672 παρ’
276 2581 317 2654 ὃν
327 2585 422 2674 ᾤκει,
445 2593 490 2666 είς
501 2591 603 2673 μέσον
613 2594 723 2654 πίπτει
733 2596 791 2675 τῆς
801 2614 836 2655 τε
848 2595 1003 2675 Θηβαίων
1014 2594 1134 2673 ἔχθρας
1247 2671 1248 2676 ¹

183 2687 305 2771 καὶτῆς
319 2691 495 2752 Φιλίππου.
511 2683 648 2773 ἀπορῶν
659 2683 703 2773 δ’,
721 2684 782 2753 ὅτι
793 2690 948 2773 χρήσαιτο
960 2686 1068 2775 αύτῷ,
1080 2690 1134 2755 καί
1247 2687 1248 2692 ’

183 2788 492 2870 παραγγελλομένης
502 2782 554 2852 ἐπ’
572 2783 675 2852 αύτδν
694 2784 758 2871 ήδη
776 2794 960 2871 στρατείας,
983 2792 1063 2871 μίαν
1079 2789 1132 2854 ε’λ-

182 2884 261 2949 πίδα
286 2882 408 2966 λοιπήν
429 2888 557 2951 κατεῖδε
584 2893 745 2968 σωτηρίας
769 2889 909 2971 ἔνορκον
935 2892 1048 2971 λαβεῖν
1070 2882 1130 2950 τόν

113 2999 164 3054 483
179 2979 368 3068 Ἀθηναίων
374 2983 490 3066 δήμου,
499 2981 673 3069 σύμμαχον
683 2979 926 3071 ὀνομασθέντα,
938 2982 1128 3070 βοηθήσειν,

183 3089 216 3145 εί
230 3105 277 3157 τις
296 3077 346 3146 ἐπ’
363 3076 467 3146 αύτδυ
486 3087 544 3146 ίοι·
566 3077 587 3146 ὃ
602 3081 772 3168 πρόδηλον
787 3074 830 3168 ήν
847 3079 1025 3168 ἐσόμενον,
1049 3086 1079 3148 εί
1086 3079 1128 3167 μή

161 3229 164 3232 -
184 3175 277 3262 ὑμεῖς
287 3177 478 3246 κωλύσαιτε.
491 3185 594 3245 ταῦτα
605 3181 640 3248 δὲ
652 3181 842 3267 διανοηθεὶς
853 3180 1046 3250 ἀποστέλλει
1056 3185 1131 3247 δεύ-
1145 3198 1171 3252 91

184 3300 222 3361 ρο
238 3275 390 3361 πρέσβεις
404 3279 597 3363 Γλαυκέτην
615 3280 670 3345 καλ
685 3275 876 3364 Ἐμπέδωνα
890 3280 946 3346 καὶ
955 3279 1129 3362 Διόδωρον

181 3369 242 3439 τόν
253 3372 586 3460 δολιχοδρομήσαντα,
597 3378 759 3460 φέροντας
769 3384 816 3465 τῷ
826 3377 887 3462 μὲν
896 3377 989 3466 δήμω
1001 3379 1128 3456 ἐλπίδας

181 3466 296 3554 κενάς,
319 3475 533 3555 Δημοσθένει
547 3471 579 3539 δ’
600 3471 762 3559 ἀργύριον
779 3477 915 3552 καὶτοῖς
931 3473 1125 3562 περλαύτόν,
