2442 3948
222 231 262 296 32
639 225 766 276 mAIOT
1080 226 1131 280 On.
1148 224 1170 277 3.

183 395 437 524 θγραψάμενος.
472 392 740 518 άμφισβητρόσης
760 397 796 466 δὲ
813 399 869 484 τής
886 392 1007 518 μητρός
1022 399 1083 514 τής
1099 390 1170 486 555-

221 500 332 587 τέρας,
357 492 502 618 άδελφής
527 498 563 566 δὲ
584 525 644 566 του
633 492 856 588 Πάρρον,ό
880 495 993 586 κύριος
1015 499 1075 584 τής
1093 503 1170 584 είλη-

222 604 316 686 χυίας
333 601 393 666 τοῦ
406 596 536 686 κλήρου
558 594 714 685 γυναικός
738 595 892 686 ἐτόλμησε
915 600 1170 686 διαμαρτυρῆσαι

221 726 266 785 μη
256 695 432 768 ἐπίδικον
448 726 488 788 τη
476 691 645 817 ήμετέρηι
662 694 810 788 μητρὶ
776 725 834 768 τον
851 725 910 767 του
899 692 1080 819 άδελροά
1101 701 1169 783 κλή-

221 827 282 919 ρον
306 797 407 886 εἶναι,
433 793 477 878 άς
498 795 599 885 οὔσης
620 807 757 885 γνησίας
779 795 946 918 θηγατρός
966 795 1113 890 Πόρρρι,
1136 786 1171 865 05

221 889 265 986 55
283 893 351 981 5’
332 900 433 1015 αρχής
455 894 618 988 όκλήρος
662 895 916 985 ἐκισκηψάμενοι
936 892 1007 966 δὲ
990 913 1103 986 ημεῑς,
1122 898 1169 966 καὶ

224 993 307 1078 είς
286 1002 371 1087 υμᾶς
390 995 661 1086 εἰσαγαγόντες
629 1027 687 1068 τον
700 1000 959 1088 διαμαρτυρῆσαι
970 996 1170 1115 τολμήσαντα

186 1095 303 1172 4κατά
325 1103 443 1187 ταάτα,
474 1097 601 1169 ἐκεῖνόν
621 1127 657 1168 τε
673 1101 901 1220 ἐξελέγξαντες
925 1102 1118 1187 περιφανῶς
1137 1093 1169 1165 τά

222 1202 332 1286 ψευδῆ
353 1197 622 1290 μεμαρτυρηκότα
644 1196 705 1287 τήν
727 1201 794 1268 τῶν
812 1201 1112 1288 υὲυδομαρτνριαῖν
1129 1203 1169 1265 δί-

221 1317 289 1387 κην
304 1305 434 1389 εἵλομεν
451 1296 531 1388 παρ’
556 1295 654 1389 ὑμῖν,
678 1301 733 1369 καὶ
755 1299 886 1368 τουτονὶ
904 1295 1101 1388 Νικόδημον
1118 1324 1168 1366 τα·

222 1404 371 1520 ραχρήμα
395 1403 620 1489 ἐξηλέγξαμεν
628 1405 663 1472 ἐν
679 1415 748 1480 τοῖς
766 1395 878 1479 αότοῑς
898 1405 1069 1480 δικασταῖς
1087 1395 1169 1468 άναι-

217 1499 441 1588 σχυντότατον
457 1527 497 1589 τη
485 1497 705 1590 μαρτυρίη”
686 1528 768 1570 οντα
778 1497 893 1589 ταάτη,
912 1495 948 1580 ὅς
966 1527 1004 1587 γε
1022 1498 1169 1622 ἐτόλμησε

221 1605 426 1726 μαρτυρήσαι
445 1604 649 1693 ἐγγυήσαι
618 1605 765 1693 σωθείην
782 1629 828 1692 τῳ
817 1595 1046 1722 ήμετέρμ
1008 1629 1073 1690 την
1084 1595 1211 1669 άδελ-

93 1707 98 1718 ’
185 1696 362 1820 5555555
382 1703 503 1770 ἑαυτοῦ
518 1719 661 1789 γυναῖκα
679 1699 763 1771 1εἶναι
781 1697 863 1770 κατά
879 1697 955 1821 τοής
972 1698 1104 1789 νόμους.
1127 1694 1168 1766 ότι

223 1789 351 1889 μὲν
310 1829 372 1872 ουν
390 1803 444 1870 καὶ
463 1803 498 1870 ἐν
514 1830 554 1892 τη
572 1804 725 1924 προτέρᾳ
740 1797 852 1890 δίκη
833 1829 854 1888 η
872 1798 990 1920 τοάτρυ
1013 1823 1168 1924 μαρτυριι

223 1898 350 1990 ψευδής
368 1901 528 1984 ἐδοξένί
498 1930 512 1970 ε
527 1931 598 1990 ναι,
615 1898 634 1972 5
651 1898 725 1972 τόθ’
747 1898 897 1990 ἑαλωκός
914 1899 1039 1990 μάρτυς
1057 1899 1167 1988 σαφέσ-

221 2030 302 2072 τατα
313 2006 430 2072 τοῦτον
445 2005 609 2092 ἐξελέγχει.
624 2008 655 2071 εί
664 1999 727 2090 γάρ
738 1999 782 2090 μή
794 2000 901 2071 ἐδόκει
912 1991 1007 2082 οὗτος
1018 2000 1060 2070 τά
1070 1997 1169 2084 ψευδῆ

223 2100 296 2171 τότε
312 2105 533 2192 μαρτυρήσαι,
553 2106 653 2189 δήλου
670 2098 720 2171 ότι
739 2100 863 2182 ἐκεῖνός
879 2098 909 2170 τ’
928 2096 970 2171 άν
993 2094 1167 2190 άποφυγόν

222 2198 283 2289 τήν
309 2207 547 2291 διαμαρτυρίαν
570 2197 714 2290 άινήλθιῑ,
746 2203 799 2271 καὶ
824 2201 1022 2292 κληρονόμος
1046 2198 1089 2272 55
1110 2200 1167 2268 τόν

222 2304 283 2370 τοῦ
298 2309 395 2371 θείου
413 2297 434 2388 5
453 2308 756 2430 διαμαρτηρηθεῑσα
772 2311 892 2422 γνησία
908 2300 1061 2425 θυγάτηρ
1081 2299 1165 2380 εἶναι,

186 2397 297 2472 6άλλ’
321 2396 382 2471 οὐκ
404 2397 446 2471 55
468 2397 489 2489 5
512 2397 651 2492 ήμετέρα
675 2405 812 2490 κατέστη
818 2401 948 2523 μήτηρ.
984 2397 1120 2482 ἁλόντος
1137 2395 1166 2464 δὲ

223 2505 285 2572 του
306 2501 471 2592 μάρτυρος
494 2499 585 2574 555’
567 2501 752 2624 ακοστάσης
769 2530 827 2572 του
818 2501 969 2598 κλήρου
995 2506 1054 2590 τής
1080 2499 1166 2620 άμηιι·

223 2601 409 2726 σβητοόσης
431 2611 570 2691 γνησίας
591 2600 758 2692 θυγατρός
775 2593 902 2696 Πύρρῳ
928 2603 1029 2691 εἶναι,
1053 2597 1165 2693 μεγάλη

222 2700 350 2792 άνάγκη
373 2701 439 2792 άμα
462 2700 576 2796 καὶ
539 2732 601 2824 τηη
622 2702 745 2773 τούτου
773 2712 957 2794 μαρτυρίαν
982 2705 1164 2774 ἑαλωκέναι

223 2807 298 2891 περὶ
322 2801 384 2894 γάρ
409 2800 513 2873 αὐτοῦ
538 2802 658 2875 τούτου
687 2799 704 2874 ὁ
730 2802 994 2925 διαμμρτρρήσας
1021 2801 1084 2892 τήν
1110 2800 1165 2869 τάν

224 2907 521 2996 ψευδομαρτυριῶν
540 2910 636 2992 δίκην
647 2900 836 2991 ήγωνίζετο,
855 2903 993 3022 τἰότερρν
1011 2908 1053 2987 ἐξ
1063 2909 1164 2992 ἐγγυδ

189 3053 191 3060 -
223 3007 281 3091 τής
308 2997 329 3091 5
361 3005 439 3085 ἐξ
422 3011 552 3094 εταίρας
579 3000 600 3092 ή
630 3001 880 3124 άμημσβητοῦσα
902 3008 963 3076 τοῦ
985 3003 1152 3094 κλήρου
1127 3021 1163 3066 τί)
1207 3059 1208 3076 ,

222 3110 307 3195 θείῳ
336 3100 492 3191 γυναικός
525 3114 584 3192 εἴη
629 3103 801 3192 γνωσεσθε
831 3101 863 3174 δ’
893 3101 1093 3185 άκοόσαντες
1118 3063 1163 3168 κίῖ

223 3199 319 3293 ὑμεῖς
335 3207 393 3291 της
410 3231 446 3276 τε
451 3199 666 3294 ἀντωμοσίας
684 3208 741 3293 τής
754 3200 911 3296 ήμετίρας
924 3209 1031 3275 καὶ
990 3235 1047 3294 της
1057 3199 1162 3278 τοότοϋ

222 3312 404 3394 μαρτυρίας
428 3307 482 3377 καὶ
510 3309 577 3393 τής
596 3301 742 3394 άλοόσης·
768 3311 1012 3397 διαμαρτυρίας.
1052 3299 1164 3385 Ἀναγί’
1206 3339 1207 3390 3

188 3426 205 3474 7
223 3425 352 3493 γνωσκε
369 3403 482 3492 λαβάν
498 3408 595 3477 τασδὶ
614 3403 736 3488 αὐτοῖς.
1081 3453 1084 3458 -

331 3532 554 3588 λαοονοεος.
590 3537 784 3588 ΜΑΡννΡιι.
820 3537 1076 3590 ΔΙΑΜΑΡΤΤΡΙΔ.
