2442 3948
20 215 38 264 μ.
52 197 86 250 71.
196 197 286 248 ΠΕΡΙ
304 196 379 248 ΤΟΤ
397 195 559 248 ΚΙΡΩΝΟΣ
576 195 740 246 ΚΔΗΡΟΤ.
886 201 948 262 107

20 377 110 456 ληοεν,
128 377 215 438 ἴσασι
236 368 274 438 δὲ·
290 369 554 459 περιφανέστατα
571 369 627 438 ’καλ
644 370 712 439 τῶν
730 370 846 461 έκείνφ
863 397 947 458 χρω-

20 471 103 554 μένων
116 470 214 558 τινές,
232 464 291 548 οός
307 470 485 559 παρέξομαι
496 466 671 560 μάρτυρας.
708 475 778 538 Καί
791 497 846 558 μοι
862 469 945 558 λαβὲ

20 565 58 647 τάς
72 577 246 661 μαρτυρίας
265 571 319 638 καὶ
337 565 518 657 άνάγνωθι.

361 735 571 786 ΜΑΡΤΤΡΙΑΙ.

74 870 119 942 06
139 881 257 946 τοίνυν
281 877 317 944 έκ
339 871 467 944 τούτων
491 872 592 962 δῆλόν
616 876 683 942 ἐστι
706 871 809 962 μόνον
832 869 882 944 ότι
905 862 948 961 ῆν
965 892 998 946 18

20 965 88 1093 ῆμῶγ
108 969 127 1062 6
148 973 256 1098 μήτηρ
279 971 431 1097 θυγάτηρ
453 982 573 1062 γνησία
593 981 761 1095 Κίρωγος,
785 969 868 1044 άλλά
890 975 946 1044 καὶ

20 1063 82 1152 ἐξ
20 1097 100 1143 των
119 1069 135 1144 6
156 1072 268 1166 πατὴρ
291 1069 385 1164 ἡμῶν
408 1078 526 1164 ἔπραξε
549 1075 604 1144 καὶ
623 1062 702 1157 ἐξ
674 1101 722 1144 ων
739 1079 777 1143 ac
790 1091 947 1162 γυναῖκες

20 1176 113 1242 αίιῶν
128 1180 280 1265 δημοτῶν
305 1178 381 1266 περὶ
405 1171 507 1297 αὐτῆς
526 1179 736 1264 ἐγίγνωσκον.
777 1171 832 1244 ὅτε
848 1204 911 1265 γαρ
928 1204 946 1246 ο

20 1271 101 1364 πατὴρ
116 1273 217 1365 αὐτὴν
236 1273 418 1365 ἐλάμβανε,
435 1273 561 1366 γάμους
580 1281 723 1347 εἱστίασε
739 1277 794 1346 καὶ
814 1274 947 1345 ἐκάλεσε

20 1390 84 1459 τρεῖς
109 1370 210 1448 αδτοό
231 1385 352 1467 φίλους
380 1374 461 1465 μετά
476 1380 544 1447 τῶν
572 1371 678 1447 αότοῦ
699 1374 945 1466 προσηκόντων,

20 1487 69 1552 ῑθλς
82 1502 112 1544 τε
127 1476 287 1570 φράτορσι
303 1486 467 1568 γαμηλίαν
485 1475 654 1566 είσῆνεγκε
672 1474 753 1548 κατά
769 1473 847 1558 τοός
866 1480 947 1546 έκεί-

20 1574 208 1669 νωγνόμους.
255 1583 346 1647 αἵτε
366 1593 532 1700 γυναῖκες
547 1583 585 1646 αί
604 1581 671 1648 τῶν
696 1581 848 1668 δημοτῶν
865 1573 948 1667 μετά
966 1598 999 1654 10

20 1677 98 1744 νῶτα
112 1676 316 1771 προόνριναν
333 1675 439 1766 αὐτὴν
455 1675 536 1767 μετά
552 1682 610 1767 τῆς
634 1681 813 1760 Διοκλέους
831 1707 946 1766 γυναι-

20 1797 128 1852 ωςτοο
117 1776 337 1860 κ”11ιτθέως
315 1805 429 1869 αρχειν
452 1785 499 1858 είς
516 1776 556 1848 τά
574 1777 785 1870 Θεσμοφόρια
802 1782 857 1849 καὶ
874 1806 945 1850 ποι-

21 1886 58 1940 εῖν
75 1874 108 1945 τά
126 1879 320 1970 νομιζόμενα
342 1907 402 1968 μετ
405 1875 574 1967 ’ἐκείνης
617 1875 635 1948 6
658 1907 694 1948 τε
716 1877 822 1970 πατὴρ
840 1875 945 1968 ἡμῶν,

22 1972 90 2044 έδπει
91 1975 327 2072 η’ἐγενόμεθα,
352 1986 398 2061 είς
421 1975 499 2061 τοός
517 1978 684 2070 φράτορας
706 1973 791 2068 ἡμᾶς
816 1977 946 2101 είσήγρι-

20 2098 76 2162 λθ,
91 2074 203 2168 όμόσας
220 2078 307 2153 κατά
323 2078 401 2163 τούς
418 2079 542 2170 νόμους
559 2077 636 2162 τοός
653 2068 865 2169 κειμένους
843 2107 863 2167 η
881 2076 947 2168 μὴν

22 2172 145 2268 λξᾶστῆς
166 2185 221 2253 καὶ
248 2185 408 2271 ἐγγυητῆς
430 2179 587 2270 γυναικός
610 2179 769 2269 εἰσάγειν
793 2184 860 2251 τῶν
885 2181 921 2250 δε
939 2175 945 2276 Ι

21 2277 165 2440 γγατόρων
180 2278 329 2453 06663'
309 2298 464 2354 αντεϊπεν
481 2279 558 2354 οὐδ’
576 2279 805 2405 ἠμφισβήτησε
822 2278 867 2371 66
884 2278 946 2352 οόκ

22 2366 108 2495 λληθῆ
129 2382 218 2455 ταῦτ’
247 2383 350 2473 εἶναι,
378 2380 551 2454 πολλῶν”
532 2412 639 2455 οντων
662 2386 718 2454 καὶ
740 2379 884 2471 άκριβῶς
907 2379 948 2451 τά

22 2482 127 2550 τοιαύτα
146 2487 390 2608 σκοπουμένων
432 2492 538 2554 καίτοι
561 2482 605 2573 66
623 2478 732 2553 οἴεσθ’
757 2480 818 2570 όν,
838 2488 867 2550 εί
882 2511 947 2552 τοι·
964 2502 999 2554 20

24 2573 84 2690 λλτη
103 2611 146 2664 τις
167 2576 210 2674 60
235 2579 256 2673 6
280 2583 386 2707 μήτηρ
408 2579 503 2707 ἡμῶν
530 2589 604 2653 οιαν
626 2572 721 2652 οότοί
741 2602 841 2670 φασι,
869 2577 945 2668 μήτ’

24 2664 52 2740 λν
69 2677 116 2750 τόν
136 2691 257 2777 πατέρα
279 2681 374 2808 ἡμῶν
400 2682 526 2806 γάμους
556 2685 668 2774 ἑστιμν
694 2683 749 2750 καὶ
761 2687 947 2802 γαμηλίαν

26 2779 174 2899 ιλγενεγκεῑ
161 2803 209 2876 ῑν,
228 2783 311 2856 άλλά
328 2781 587 2875 ἀποκρύψασθαι
604 2785 708 2853 ταῦτα
724 2779 848 2868 πάντα,
867 2778 948 2869 μήτε

24 2870 63 2954 ῐλε
52 2886 140 2954 ετῶν
156 2842 264 2958 ἄλλων
288 2887 439 2975 δημοτῶν
461 2888 622 2974 γυναῖκας
644 2873 850 2974 αίρείσθαι”
829 2909 871 2953 αν
889 2877 947 2952 αό-

25 2969 312 3078 λλλσννιεροποιείν
328 3015 369 3076 τη
357 2987 568 3066 Διοκλέους
590 2985 725 3074 γυναικὶ
749 2987 804 3054 καὶ
827 2991 948 3074 κυρίαν

25 3095 105 3150 ποιεῖν
122 3090 232 3208 ίερῶν,
251 3083 324 3210 666⁹
344 3084 477 3178 ἑτέρα”
456 3107 505 3158 αν
514 3115 579 3158 τινι
596 3088 673 3176 περὶ
683 3082 811 3155 τούτων
824 3087 948 3171 έπιτρέ·

26 3197 94 3266 πᾶν,
119 3185 194 3274 μήτε
215 3185 292 3268 τούς
321 3185 487 3278 φράτορας
512 3189 720 3276 εἰσδέχεσθαι
741 3179 842 3273 ἡμᾶς,
866 3181 949 3254 άλλά

27 3295 188 3373 κατηγορεῖν
156 3291 325 3370 ῑκαὶέξ
309 3289 544 3414 ξελέγχειν,εί
514 3284 609 3376 εμή
628 3283 795 3356 πάντοθεν
812 3274 855 3372 60
871 3278 948 3371 660·

27 3376 258 3469 ληθόμενον
222 3418 283 3478 την
305 3390 428 3505 μητέρα
450 3383 545 3478 ἡμῶν
569 3387 654 3457 εἶναι
677 3385 848 3505 θυγατέρα
870 3409 948 3472 γυη-

27 3479 84 3544 λλλν
99 3489 245 3578 Κίρωνος.
276 3517 341 3567 νυν
361 3488 397 3556 δὲ
414 3517 455 3578 τη
444 3492 665 3580 περιφανείμ
682 3487 744 3554 τοῦ
760 3480 948 3573 πράγματος
975 3546 978 3551 .
