2486 3948
485 173 783 281 κιιιῑνοπαι.
1058 183 1120 246 κιο

168 348 343 440 γυναικὸς,
360 347 589 437 ήσυνεξέπεσέ
596 373 652 432 μοι
663 347 854 425 κωλύοντος
865 343 972 431 αύτήν
982 349 1045 411 τού
1056 367 1122 410 πα·

169 445 246 537 τρός
256 449 312 516 καὶ
323 451 435 534 μένειν
453 457 531 526 λσως
546 444 802 532 ἀναγκαζόντων
818 453 887 512 τῶν
903 443 1036 530 νόμων,
1060 440 1121 510 τὸν

168 547 294 636 τρόπον
307 554 366 633 τῆς
378 547 505 625 πόλεως
514 553 641 632 μᾶλλον
651 539 673 631 ή
684 543 762 623 τούς
773 544 898 630 νόμους
909 543 1118 628 ἐπισταμένη,

169 649 224 716 καὶ
237 643 321 734 ,μετὰ
338 654 438 733 τριοόν
454 649 584 713 παίδων
600 641 732 713 ούδέπω
750 644 805 711 καί
826 651 892 712 νόν
912 651 969 729 τῆς
992 644 1121 710 ἑαυτόν

170 752 346 833 συμφοραῖς
361 747 631 831 ἐπαισθομένων,
653 741 731 812 ούδὲ
749 740 868 811 ὁποίαν
886 735 1121 820 αύτοίςὸθεός

171 847 293 912 δέδωκε
324 845 511 931 γινομένοις
543 847 684 929 πατρίδα
711 839 773 927 τήν
799 838 983 927 Ἀθηναίων
1010 839 1119 924 πόλιν,

120 963 155 1017 13
171 940 291 1012 ὁποίαν
308 939 341 1010 δ’
359 939 486 1021 εὐθέως
501 934 746 1028 γενομένωναύ
757 937 924 1029 ἀφῄρηται
934 938 1044 1007 πόλιν.
1065 939 1122 1006 καλ

171 1047 277 1130 ἕτεροι
288 1044 366 1131 μὲν,
390 1042 434 1122 ὡς
451 1049 554 1130 ἔοικε,
575 1042 653 1124 τούς
669 1047 797 1113 ἑαυτῶν
808 1049 941 1130 παῖδας,
963 1037 1122 1129 τούςήέν

170 1148 311 1231 Βοιωτίᾳ
322 1136 579 1228 γεννηθένταςή
597 1143 634 1209 ἐν
651 1146 812 1229 Αἰτωλίᾳ,
835 1142 918 1224 πρὸς
933 1137 1020 1226 ύμᾶς
1037 1141 1122 1226 πέμ-

170 1261 271 1310 πουσι
288 1249 345 1328 τής
361 1240 482 1310 αὐτόθι
498 1244 645 1321 παιδείας
663 1244 875 1328 μεθέξοντας·
899 1234 947 1318 οἷς
964 1242 999 1307 δὲ
1016 1247 1120 1306 ταύτα

171 1340 260 1428 παρὰ
276 1349 333 1427 τῆς
355 1339 488 1427 φύσεως
504 1338 666 1427 ὑπῆρξεν,
688 1337 728 1407 ού
751 1337 975 1425 δημοποιήτον
996 1335 1120 1422 πατρός

169 1432 268 1507 οὖσιν
278 1437 353 1506 ούδῗ
370 1437 422 1507 ἐπ’
443 1445 559 1518 αἰτίαις
571 1445 717 1524 αίσχραίς
728 1437 920 1523 ἑαλωκότος,
933 1435 1120 1522 φεύγουσιν

168 1542 215 1605 ἔτι
236 1537 364 1624 νήπιοι,
386 1539 441 1606 καλ
462 1539 640 1624 τρέφονται
660 1543 795 1625 πένητες
816 1541 852 1605 ἐν
873 1541 990 1626 ἐρημίη
1012 1536 1120 1603 τεκαὶ

120 1663 155 1716 14
169 1645 262 1725 φυγῇ
278 1637 424 1726 πατρῴᾳ.
447 1639 503 1704 καὶ
519 1639 594 1724 περὶ
612 1634 673 1722 μὲν
689 1645 757 1705 τῶν
773 1636 975 1722 Λυκούργου
992 1638 1121 1702 παίδων
1136 1643 1190 1699 70⁰

168 1738 390 1822 Δημοσθένης
402 1733 483 1820 ὑμίν
500 1737 693 1822 ἐπιστέλλει,
716 1737 771 1804 καλ
782 1741 884 1804 δεῖται
895 1742 1120 1814 καλόςποιοόυ

168 1839 369 1920 χαρίσασθαι
384 1828 421 1899 τό
436 1841 593 1921 πατρῷον
604 1829 716 1911 αύτοίς
727 1831 877 1918 ὄφλημα,
889 1834 945 1899 καὶ
954 1829 1048 1918 ύμείς
1059 1829 1120 1899 ού-

170 1931 227 1998 &zv
245 1928 316 1998 ἀλλ’
335 1926 559 2018 ήἈθηναίων
575 1937 689 2017 ἔργον,
711 1930 903 2018 ἐλεήσαντες
925 1928 1049 2010 αύτούς
1065 1933 1120 1999 καί

169 2026 393 2115 χαρισάμενοι,
411 2028 599 2116 ἐποιήσατε·
622 2031 677 2098 καὶ
701 2027 766 2116 γόιρ
786 2027 976 2116 ὀργίζεσθαι
998 2032 1120 2118 ῥᾳδίως

116 2149 151 2203 15
170 2125 250 2216 ύμίν
262 2135 341 2208 ἔθος
351 2131 420 2198 ἐστὶ
431 2132 485 2199 καὶ
495 2136 686 2216 χαρίζεσθαι
696 2130 814 2199 πόλιν·
831 2126 896 2217 ἐγω
910 2132 946 2198 δὲ
956 2126 1042 2214 ὑπὲρ
1051 2137 1120 2197 τῶν

168 2231 315 2315 ἐμαυτοῦ
331 2235 460 2298 παίδων
476 2227 539 2299 ούιι
556 2226 600 2298 όν
616 2227 702 2317 ύμιῖς
718 2229 862 2318 πείσαιμ’
885 2230 929 2299 όν
949 2230 1117 2317 δεόμενος,

170 2325 214 2406 ὥς
225 2326 271 2414 μή
282 2354 339 2412 μοι
348 2327 393 2414 μή
404 2327 511 2414 μόνον
521 2332 558 2398 ἐν
569 2326 714 2419 όρφανίηι
727 2337 911 2416 τραφῶσιν,
923 2327 995 2396 ἀλλ’
1009 2327 1119 2413 όρφα-

168 2428 221 2495 νοὶ
232 2423 301 2512 ἅμα
312 2427 366 2494 καλ
378 2427 528 2513 φυγόδες
545 2426 655 2513 όντες,
679 2426 756 2494 οὔτε
773 2426 990 2513 ἀδικήσαντες
1004 2429 1118 2504 παῖδες

169 2524 277 2612 ὄντες,
307 2523 382 2592 ἀλλ’
405 2522 484 2594 ούδὲ
505 2525 612 2606 όλλως
633 2525 826 2613 ἕαλωκότες,
854 2525 894 2594 τοὶ
918 2533 1030 2613 μέντοι
1051 2533 1120 2594 τῶν

168 2623 363 2693 ἑαλωκότων
390 2626 499 2693 πόντα
520 2625 741 2716 πεπονθότεςς
775 2625 843 2694 εἶτα
863 2623 1120 2710 τελευτήσαντος

168 2721 406 2810 ἄναμνήοδητέ
425 2750 508 2810 μου,
529 2725 585 2793 καὶ
605 2731 788 2810 χαρίσασθε
810 2721 868 2802 τόις
889 2722 1031 2810 δεήσεις,
1055 2728 1121 2789 νῦν

168 2826 383 2910 προσέχοντες
403 2821 491 2912 ἡμῖν.
515 2820 598 2892 ἄλλό
621 2825 675 2892 καί
697 2824 856 2910 πρόξατε,
881 2821 1001 2907 ἄνδρες
1019 2820 1120 2906 Ἀθη-

167 2936 272 3007 ναίοι,
296 2925 352 2992 καὶ
373 2928 546 3010 πείσθητε,
573 2921 613 2991 τό
638 2923 772 3011 συνήθη
797 2919 910 3001 αὐτοῖς
929 2924 985 2989 καὶ
1006 2924 1121 3006 μέτρια

121 3041 152 3099 1⁶
167 3027 348 3101 ποιοῦντες.
371 3020 493 3109 οὐγὰρ
511 3019 554 3090 όν
571 3020 610 3108 δή
628 3023 843 3108 τῶντρόπων
860 3019 1056 3104 όποσταίητε
1066 3021 1122 3086 καὶ
1138 3033 1188 3089 701

166 3119 384 3188 καταλύσαιτε
394 3119 457 3208 τήν
467 3129 525 3208 τῆς
534 3122 662 3200 πόλεως
673 3125 792 3203 δόξαν,
804 3116 846 3205 ἣν
858 3121 910 3188 ἐπὶ
927 3119 1121 3204 χρηστότητι

165 3224 262 3304 μείζω
285 3221 340 3287 καί
357 3226 597 3309 φιλανθρωπίᾳ
616 3217 669 3288 διὰ
690 3216 813 3298 παντός
830 3223 924 3303 ἔσχεν
941 3215 963 3303 ή
980 3230 1050 3296 ταῖς
1060 3215 1122 3285 ἄλ·

165 3327 237 3397 λαις
257 3313 417 3403 πόσαιςή
442 3317 545 3397 πόλις.
579 3313 651 3385 οὐδ’
676 3311 720 3384 ι’ὶν
744 3316 956 3392 Μελάνωπος
978 3313 1121 3400 ίσχύσειε

164 3421 279 3484 πλεῖον
296 3415 438 3484 κωλύων
459 3412 546 3503 ὑμᾶς
569 3428 740 3504 μιμεῖσθαι
756 3414 819 3502 τήν
836 3418 965 3483 ἑαυτῶν
980 3411 1122 3502 χρηστό-
