2486 3948
441 315 737 402 ωυιΣΤοΛΛι.
1010 313 1072 377 εον

120 479 189 542 δεῖν
201 480 258 542 καί
266 501 297 542 τι
307 472 392 560 ήμᾶς
409 474 464 541 καὶ
481 467 553 542 οἷον
572 477 608 540 ἐν
619 477 806 563 κωμῳδίαις
822 477 896 561 περὶ
908 473 1073 544 τόνΣκά-

61 586 99 638 10
117 575 270 659 μανδρον
289 567 502 658 ἐργάσασθάι.
536 569 628 656 κάγύ
653 570 716 656 μὲν
731 570 812 641 άλλο
831 572 931 642 ούδλν
952 571 973 663 ή
993 574 1071 644 όποι

119 670 207 758 λήξει
218 669 239 758 ἡ
250 670 395 758 τοσαύτη
405 669 620 756 ἀναισχυντία
638 675 853 760 προσμένων,
871 681 1001 754 λίθινος
1012 671 1069 742 ὑπ’

119 768 271 848 ἀπιστίας
283 768 466 856 ἐγεγόνειν·
487 766 505 835 ὁ
518 769 554 836 δὲ
565 767 659 858 ἐφ’κει
669 771 725 836 καὶ
735 775 850 857 τρίτην
863 768 1071 852 Ἀπόλλωνός

118 895 176 956 μοι
197 873 286 938 δοκῶ
307 871 361 936 καί
372 868 548 936 Διονύσου
569 874 717 954 μοιχείαν
733 868 883 954 ἐπάξειν,
907 871 968 949 ἕως
989 869 1071 939 ίδιδν

119 969 183 1054 ἐγώ
206 965 307 1053 ὄχλον
328 968 511 1056 προσιόντα
531 975 572 1056 τῇ
589 965 682 1056 θύρη
699 965 809 1055 ,τοῦτ’
822 972 953 1036 ἐκεῖνοί(
973 975 1070 1056 ἔφην,

118 1068 412 1154 ,μετατιρήσοντες
422 1064 508 1189 ημᾶς
520 1065 692 1153 πάρεισι,“
714 1069 769 1135 καί
787 1063 825 1134 δι’
838 1065 1071 1156 ὀπισθοδόμου

117 1167 209 1246 τινός
231 1165 358 1247 εὐθέως
379 1169 462 1256 πρὸς
486 1169 744 1253 Μελανιππίδην
764 1167 903 1253 φεύγων
925 1167 1069 1255 ᾠχόμην,
1129 1195 1132 1202 ·
1194 1236 1196 1242 χ

118 1271 251 1336 ἐκεῖθεν
263 1270 298 1336 δὲ
309 1268 448 1353 ἑσπέρας
466 1267 517 1335 ἐπὶ
528 1266 710 1336 θάλατταν.
723 1263 792 1335 εἶτα
805 1266 956 1350 πρόσθεν
965 1265 1070 1358 άξένφ

117 1365 221 1434 nost
194 1385 282 1456 ωστη
304 1364 414 1458 άνέμφ
432 1366 661 1454 κατήχθημεν,
683 1361 724 1434 όν
741 1363 892 1453 μηδεις
871 1394 914 1434 αν
930 1362 1071 1446 άλλος’“
1049 1393 1070 1454 η

119 1464 259 1552 φεύγων
269 1492 305 1534 το
295 1463 539 1552 Κιμάνειον”
517 1488 597 1550 αγος
609 1459 784 1551 ὑπομείναι
795 1468 914 1533 πλέων.
934 1471 1073 1533 τοιαῦτα
1087 1477 1138 1534 68ο

117 1566 181 1652 μὲν
192 1564 315 1637 παίδων
326 1570 396 1634 δεῖν
407 1574 459 1632 σοι
469 1564 622 1651 γράφειν,
635 1589 679 1642 ως
690 1564 913 1650 σχετλιάσοντι
924 1567 978 1633 καὶ
990 1566 1071 1652 ἐμοῦ

115 1671 262 1751 μᾶλλον,
276 1665 384 1754 φ’ίμην·
408 1661 451 1731 σύ
462 1661 498 1730 δὲ
509 1657 552 1729 άν
562 1665 700 1749 ίκανως,
713 1661 819 1749 οἶμαι,
832 1665 1013 1749 γελάσειας.

568 1813 617 1876 ll.

201 1929 286 1990 THI
301 1928 478 1991 ΒΟΥΛΗΙ
493 1927 582 1989 ΚΑΙ
602 1927 687 1989 Tm
705 1925 872 1990 ΔΗΜΩΙ
893 1925 991 1989 ΤΩΝ

464 2027 725 2090 ΑΘΗΝΑΙΩΝ.

204 2146 254 2218 Τὰ
266 2150 327 2235 μὲν
336 2149 421 2219 άλλα
433 2155 503 2220 δεῖν
514 2149 593 2239 ύμῖν
603 2153 814 2237 ἐπιστέλλειν,
827 2153 902 2240 περὶ
914 2141 963 2220 ύν
973 2153 1072 2240 ἐβου-

119 2249 242 2336 λόμην,
266 2252 321 2318 καὶ
338 2249 647 2342 πρότερονφίόμηυ·
669 2248 710 2319 ού
729 2248 793 2336 γάρ
818 2247 1017 2338 άφηρήσθαί
1033 2277 1072 2337 γε

118 2355 217 2417 τοῦτο
229 2344 437 2434 άτυχήσαντα
447 2357 515 2418 τοῖν
527 2349 601 2435 παρ’
614 2347 696 2437 ὑμῖν
706 2347 960 2435 ὑπελάμβανον·
984 2370 1072 2435 συμ-

118 2447 295 2535 βουλεύειν
315 2450 425 2515 δὲκαὶ
447 2456 739 2535 πολυπραγμονεῖν
757 2445 799 2514 ού
821 2455 941 2533 μικρᾶς
962 2453 1072 2537 ἐμοιγε

118 2545 279 2631 άκρασίας
289 2549 388 2633 ἔργον
405 2548 557 2632 ἐφαίνετο
575 2544 674 2631 εἶναι,
699 2545 856 2615 δεδωκότι
872 2547 1072 2635 τηλικαύτην

119 2646 218 2729 δίκην
238 2651 301 2711 τού
322 2643 574 2729 πολιτεύεσθαι,
596 2642 685 2731 πλὴν
702 2652 734 2712 εί
746 2670 778 2710 τι
790 2645 858 2712 δέοι
875 2646 1072 2714 καλούντων

87 2739 226 2830 λύμύυ.
249 2741 357 2822 άλλως
368 2743 403 2811 δὲ
417 2747 499 2830 μηδὲ
511 2743 611 2834 ῥήδιά
621 2763 708 2810 τισιν
718 2745 926 2831 ἐπιτηδείων,
949 2739 1009 2830 ούχ
1021 2743 1072 2813 ότι

23 2919 26 2926 Α
118 2841 230 2928 πόλει,
243 2843 486 2931 συμβουλεύειν
503 2839 525 2909 ά
540 2842 699 2930 προσήκει
718 2838 845 2932 ᾠόμην·
868 2839 949 2930 ύμῖν
960 2841 995 2911 δὲ
1009 2843 1073 2910 ἐύ-

22 2935 26 2970 ³
119 2966 190 3026 ρων
206 2939 329 3020 άλλους
348 2943 403 3010 καὶ
427 2944 535 3028 λέγειν
554 2943 609 3010 καὶ
628 2938 784 3029 πράττειν
807 2945 1013 3028 δυναμένους
1031 2939 1071 3009 τά

117 3039 499 3130 κοινάκατέλιπονγάρ
511 3040 573 3110 ούιι
584 3039 725 3126 ὀλίγους.
749 3043 819 3108 ἐπεὶ
837 3039 873 3109 δὲ
890 3043 925 3108 οί
940 3040 1001 3127 μὲν
1017 3067 1072 3110 τε-

118 3145 238 3223 θνᾶσι,
262 3141 377 3208 πολλοὶ
392 3140 427 3208 δὲ
439 3138 641 3227 ἠτυχήκασιν
652 3137 764 3220 ὥσπερ
776 3135 858 3224 ἐγώ,
881 3142 1072 3226 περιέστηκε
1087 3153 1138 3209 686

118 3237 154 3306 δὲ
167 3235 186 3324 ή
198 3235 295 3318 πόλις
305 3243 351 3317 είς
368 3240 506 3324 ἐρημίαν
517 3245 585 3305 τῶν
602 3237 887 3323 πολιτευομένων,
910 3233 1023 3304 άπούω
1036 3239 1071 3304 δὲ

116 3335 265 3424 τούςμέν
272 3336 379 3404 αύτού
389 3335 565 3423 παρόντας,
573 3330 653 3412 τούς
665 3334 700 3400 δὲ
711 3335 766 3401 καὶ
776 3329 816 3400 δι’
824 3335 1008 3402 ἐπιστολῶν
1019 3359 1070 3402 κι-

115 3447 189 3502 νεῖν
204 3461 236 3502 τι
252 3460 321 3504 των
338 3442 397 3520 τῆς
414 3433 541 3513 πόλεως
557 3431 778 3552 πραγμάτων,
802 3433 932 3518 ἕτοιμος
949 3428 1013 3519 ήδη
1030 3430 1070 3500 τά

117 3537 283 3683 δοηηύντα
301 3559 340 3622 τη
328 3531 454 3602 πόλει
472 3528 720 3620 συμφέρειν,’
698 3556 742 3642 ως
758 3529 866 3616 μόνον
882 3535 987 3611 ἒξεστί
1002 3556 1069 3616 μοι,

203 3643 319 3683 scamus.
