2442 3948
204 220 246 281 90
614 211 743 264 ιεειον
1061 211 1148 266 οτι.

205 383 282 464 τοός
299 398 472 472 συγγενεῖς
488 378 638 467 ἀπέδειξε
655 386 711 454 καὶ
728 391 774 465 εἰς
792 382 832 454 τά
848 380 943 454 κοινά
953 402 1153 475 γραμματεῖα

206 488 401 575 ἐνέγραψεν,
435 480 561 554 ἅπανθ’
593 482 655 555 ὅσα
685 488 852 575 προσῆκεν
884 479 982 565 αάτὸς
1008 484 1153 574 ποιήσας,

203 581 278 655 ἀλλ’
298 594 331 654 εἴ
343 612 392 665 τις
408 583 617 671 τελευτήσειν
634 587 763 674 μέλλων
782 587 928 674 διέθετο,
948 594 982 654 εδ
994 612 1026 654 τι
1043 584 1154 673 πάθοι,

203 682 265 774 τήν
281 681 399 754 οὐσίαν
426 687 543 777 ἑτέρῳ,
571 688 625 754 καὶ
642 681 737 754 ταῦτ’
766 689 801 755 ἐν
817 683 983 776 γράμμασι
1001 687 1155 755 κατέθετο

169 808 187 856 2
204 783 292 876 παρά
308 805 373 855 τισι
390 784 626 874 σημηνάμενος.
655 789 782 856 ἐκείνου
798 787 860 874 μὲν
877 782 939 876 γάρ
961 782 1022 854 τόν
1034 783 1158 871 τρόπον

204 883 421 974 ποιησάμενος
447 883 594 976 φανεράς
620 887 797 974 κατέστησε
821 883 878 965 τάς
904 881 1009 955 αὑτοῦ
1038 885 1159 974 βουλή·

202 1007 290 1073 σεις,
308 981 386 1055 ὅλου
402 981 438 1055 τό
451 989 585 1076 πρᾶγμα
597 983 818 1076 ἐπικυράσας,
839 983 966 1057 δόντων
984 983 1076 1079 αὐτῷ
1090 990 1160 1056 των

203 1083 329 1173 νόμων·
348 1081 366 1156 ὁ
386 1082 417 1155 δ’
438 1089 474 1156 ἐν
492 1084 667 1174 διαθήκαις
678 1084 903 1176 σημηνάμενος
916 1082 1059 1174 ἀδήλους
1072 1091 1159 1156 ἐποί-

203 1206 280 1274 ησε,
307 1182 358 1257 διό
380 1189 496 1256 πολλοὶ
517 1185 706 1258 πεπλάσθαι
729 1185 910 1276 φάσκοντες
934 1183 1034 1268 αάτάς
1058 1183 1159 1277 άμφι-

203 1281 874 1378 σβητεῑυάξιοόσιπρόςτοάςποιηθέντας.
901 1294 988 1358 ἔοικε
1006 1284 1037 1357 δ’
1057 1285 1160 1358 οὐδέν

202 1385 373 1478 προῦργου
394 1390 492 1457 τοῦτο
517 1387 616 1457 εἶναι·
640 1389 696 1457 καὶ
718 1385 781 1480 γάρ
804 1385 910 1469 οὕτως
927 1385 1039 1460 αότοόυ
1057 1417 1162 1479 φανε·

203 1492 268 1578 ρως
292 1489 539 1577 πεπραγμένων
553 1485 640 1578 ὅμως
656 1483 741 1578 ὑπὲρ
758 1492 815 1578 τῆς
832 1486 998 1580 θυγατρός
1015 1493 1072 1577 τής
1089 1487 1162 1562 Ed-

203 1586 337 1669 πόλιδος
364 1583 482 1676 ήκουσι
510 1590 585 1679 περὶ
613 1592 681 1659 των
697 1586 954 1680 ’Ἀπολλοδώρου
983 1587 1161 1681 χρημάτων

169 1685 284 1778 3πρός
313 1689 368 1777 ἐμὲ
397 1683 708 1777 ἀμφισβητήσοντος.
756 1687 818 1778 ἐγω
842 1686 874 1759 δ’
900 1697 931 1760 ελ
956 1690 1018 1780 μὲν
1041 1689 1161 1781 έόρων

203 1784 289 1877 ὑμεῖς
310 1791 434 1878 μάλλον
455 1785 716 1880 ἀποδεχομένους
732 1787 790 1871 τάς
808 1797 1044 1883 διαμαρτυρίας
1060 1786 1081 1879 ή
1100 1789 1161 1872 τάς

204 1885 417 1979 εόθυδικίας,
437 1884 499 1960 κάν
515 1889 682 1982 μάρτυρας
692 1887 927 1981 προύβαλόμην
944 1888 988 1980 μή
1007 1895 1161 1962 ἐπίδικον

202 1989 289 2060 εἶναι
314 1988 372 2061 τόν
396 1994 518 2082 κλήρου
545 1986 588 2071 ως
614 1997 835 2080 ποιησαμένου
857 2019 898 2080 με
915 1989 990 2061 υλόν
1004 1987 1160 2062 Ἀπολλο-

203 2089 314 2180 διόρου
332 2088 414 2161 κατά
430 2087 507 2172 τοάς
519 2089 660 2179 νόμους·
685 2089 798 2179 ἐπειδή
817 2087 849 2160 δ’
868 2087 909 2161 οὐ
927 2090 1101 2181 διαφεύγει
1118 2091 1161 2162 τά

202 2195 316 2259 δίκαια
336 2187 381 2279 μή
404 2187 444 2259 αά
467 2193 523 2260 καὶ
544 2194 662 2260 τοάτου
684 2190 928 2279 γιγνώσκεσθαι
945 2189 1003 2262 τόν
1020 2191 1158 2282 τρόπον,

201 2291 257 2358 καὶ
273 2287 352 2380 παρ’
369 2285 451 2379 όμλυ
469 2287 580 2370 αὐτοῖς
596 2287 666 2378 ήκω
680 2289 907 2381 διαλεξόμενος
923 2294 999 2381 περὶ
1015 2296 1083 2362 τόν
1100 2320 1159 2362 πε-

202 2392 417 2479 πραγμένων,
439 2395 495 2460 ἵνα
517 2396 681 2480 μηδεμίαν
702 2387 792 2480 ἡμῖν’
806 2399 915 2462 αἰτίαν
937 2394 1013 2484 περὶ
1035 2393 1096 2463 τοῦ
1113 2391 1159 2482 μή

167 2513 185 2560 4
202 2489 382 2577 βούλεσθαι
406 2494 523 2561 δοῦναι
542 2498 639 2580 δίκην
656 2489 812 2581 τοιαάτηυ
832 2495 1039 2586 ἐπιφέρωσιυ,
1076 2489 1159 2564 άπο-

202 2595 298 2675 δείξω
324 2594 361 2662 δὲ
385 2587 428 2673 ὥς
445 2588 485 2662 οό
502 2589 605 2681 μόνον
623 2595 676 2662 ἐπὶ
693 2609 761 2675 τοίς
780 2591 945 2681 ἐγγυτάτω
962 2595 1080 2681 γένους
1096 2592 1159 2664 τόν

201 2696 324 2781 κλήρου
333 2689 577 2784 Ἀπολλόδωρος
589 2689 630 2763 οό
643 2696 866 2781 καταλέλοιπε,
880 2692 984 2764 πολλά
994 2697 1050 2763 καὶ
1063 2692 1158 2764 δεινά

201 2787 267 2862 όπὸ
285 2792 412 2863 τούτων
428 2790 615 2882 άδικηθείς,
642 2791 725 2864 άλλά
751 2795 805 2862 καὶ
832 2789 875 2874 ως
903 2795 958 2883 ἐμὲ
982 2792 1157 2881 ἐποιήσατο

202 2897 353 2980 δικαίως,
377 2891 458 2981 ὄντα
480 2889 701 2983 άδελφιδοῦυ,
727 2895 781 2963 καὶ
799 2892 924 2982 μεγάλα
942 2891 1156 2984 εὐεργετημέ-

199 3019 256 3070 νος
279 2986 341 3080 ὑφ’
360 2987 462 3080 ήμῶν.
501 2993 614 3082 δέομαι
633 2992 670 3062 δὲ
684 2984 843 3082 bustim}
859 2991 995 3084 ἄνδρες,
1019 2993 1156 3066 πάντων

199 3085 319 3179 ὁμοίως
343 3088 476 3162 εὔνοιάν
497 3094 536 3162 τέ
550 3121 604 3183 μοι
621 3111 820 3185 παρασχεῖν,
844 3089 907 3165 κάν
931 3097 984 3164 ἐπὶ
1000 3092 1060 3165 τόν
1078 3099 1157 3184 κλή-

200 3220 261 3282 ρου
281 3187 425 3274 άυαιδως
448 3188 569 3274 αότοάς
598 3193 706 3276 ἰόντας
737 3198 907 3284 ἐξελέγχω,
937 3202 1077 3283 βοηθεῖν
1099 3225 1156 3284 μοι

199 3289 240 3361 τά
263 3300 382 3364 δίκαια.
424 3291 599 3383 ποιήσομαι
625 3291 657 3365 δ’
683 3291 727 3376 ὥς
750 3290 792 3365 άν
814 3292 904 3383 κάγοό
930 3294 1080 3384 δύνωμαι
1099 3293 1155 3366 διά

200 3393 414 3483 βραχυτάτων
438 3391 515 3476 τούς
532 3393 666 3485 λόγους,
690 3399 722 3478 ἐξ
740 3391 841 3486 άρχής
859 3391 903 3476 ως
921 3402 986 3485 ἔχει
1002 3393 1043 3466 τά
1058 3393 1156 3484 γενό-

200 3519 283 3563 μενα
300 3493 467 3566 διδάσκων
482 3491 577 3587 άμάς.
