2450 3950
7 293 13 304 .
31 253 73 304 85.
215 255 306 306 ΠΕΡΙ
322 254 399 306 ΤΟΤ
414 254 551 306 Amor
568 247 731 306 ΚΔΗΡΟΤ.
883 257 944 321 139

1 431 107 494 δίδωσι
137 440 206 506 τοῖς
233 420 402 546 η’μετέροις
431 433 541 512 παισί,
570 421 662 496 τοῦτ’
691 421 756 513 ἤδη
785 427 946 496 σκεπτέον

1 529 62 595 τ’στί.
100 526 196 612 Λαβὲ
212 553 276 596 ουν
293 520 406 606 αὐτοῖς
421 521 481 596 τδν
497 523 600 613 νόμον
617 527 673 596 καί
690 520 926 614 ἀναγύγνιοσκε.

68 647 238 710 ΝΟΜΟΣ.
275 637 346 706 ’mv
361 643 392 708 δὲ
406 645 508 746 μηδείς
524 631 547 728 ᾖ
561 639 635 726 πρὸς
651 638 761 722 πατρὸς
781 644 864 726 μέχρι
875 638 943 705 ἀνε-

26 733 124 830 υμῶν,
139 729 270 829 παίδων,
298 725 365 802 τούς
392 751 466 808 προς
493 721 602 808 μητρὸς
627 731 749 812 κυρίους
771 723 848 789 εἶναι
871 722 946 788 κατὰ

25 837 60 873 τα
82 835 172 874 αντα.
864 885 868 894 ,

55 925 230 1014 Ἀκούετε,
255 915 284 996 ῶ
299 923 436 1016 ἀνδρες,
461 923 511 997 ὅτι
528 921 546 996 ὁ
562 929 744 1017 νομοθέτης
761 923 823 996 ούκ
840 925 945 1015 εἶπεν,
964 933 997 998 12

1 1025 42 1098 ’ἀν
64 1029 187 1118 μηδεὶς
208 1017 232 1117 ἠ’
254 1022 336 1117 πρδς
363 1023 485 1116 πατρὸς
505 1030 598 1118 μέχρι
625 1021 774 1110 ἀνεψιῶν
802 1032 944 1115 παίδων,

2 1126 62 1209 ούς
86 1130 156 1198 τῶν
178 1124 369 1210 ἀνεψιαδῶν
398 1126 482 1197 εἶναι
511 1135 664 1218 κυρίους,
692 1123 774 1198 ἀλλά
796 1123 946 1196 ἀπέδωκε

1 1247 53 1308 οῖς
78 1224 164 1319 πρδς
185 1223 306 1318 μητρδς
328 1231 392 1298 τοι]
419 1225 688 1315 τελευτήσαντος,
717 1222 759 1297 ἀν
785 1221 879 1316 ἡμεῖς
900 1224 945 1316 μὴ

1 1319 92 1418 δμεν,
118 1326 181 1416 τὴν
197 1335 417 1418 κληρονομίαν
434 1324 515 1417 ἤδη,
540 1324 697 1417 ἀδελφοῖς
714 1329 769 1397 καί
786 1323 946 1414 ἀδελφαῖς

1 1433 40 1497 ιαὶ
64 1431 163 1498 παισὶ
184 1444 253 1509 τοῖς
275 1425 403 1498 τούτων
417 1431 480 1498 *καί
501 1445 571 1509 τοῖς
592 1425 718 1520 ἄλλοις,
742 1425 825 1497 κατὰ
841 1423 947 1497 ταύτά

1 1529 141 1621 ιαθάπερ
160 1530 215 1598 καὶ
233 1531 265 1611 ἐξ
283 1524 383 1618 ἀρχῆς
400 1518 443 1616 ἦν
459 1524 696 1620 ἀπειρημένον·
719 1526 796 1609 τούς
816 1528 853 1598 δέ
869 1522 946 1616 ἡμε·
1016 1571 1018 1579 ·

1 1633 104 1719 τέρους
127 1635 250 1710 παῖδας
274 1631 334 1710 ἔξω
358 1631 415 1716 της
438 1625 622 1718 ἀγχιστείας
645 1633 805 1716 ἐποίησεν.
841 1624 891 1710 οἷς
910 1629 947 1698 δέ

1 1728 66 1816 ιηδ’
88 1727 149 1800 έάν
166 1726 403 1816 τετελευτηκώς
427 1719 454 1796 ῶ
477 1727 557 1816 έγῶ,
577 1735 716 1799 δίδωσιν
732 1723 751 1798 δ
767 1727 868 1817 νόμος
884 1725 946 1816 τὴν

1 1839 118 1916 Αγνίου
143 1837 380 1920 κληρονομίαν,
404 1832 474 1908 πῶς
497 1831 580 1917 ἐμοῦ
592 1855 628 1902 τε
646 1831 764 1913 ζῶντος
787 1831 843 1899 καὶ
864 1826 947 1898 κατά

1 1929 65 2012 τούς
82 1929 206 2020 νόμους
231 1936 361 2019 ἔχοντος
383 1939 508 1999 οἴονται
532 1924 643 2009 αὑτοῖς
668 1927 753 1999 εἶναι
774 1925 835 2015 τὴν
857 1925 947 2017 ἀγχι-

2 2041 118 2116 ιτείαυ;
137 2027 291 2119 οὐδαμῶς
309 2026 490 2117 δήπουθεν.
526 2025 609 2099 ἀλλά
625 2025 692 2118 μὴν
710 2036 741 2098 εί
755 2026 885 2108 τούτοις
902 2025 946 2117 μὴ
965 2039 997 2092 13

2 2135 157 2220 ιε’τεστιν,
175 2120 224 2202 ῶν
240 2135 276 2199 οί
290 2131 427 2220 πατέρες
438 2127 559 2200 ταύτόν
578 2131 647 2219 ἐμοὶ
664 2131 847 2220 προσηκον,
866 2124 947 2198 ούδδ

2 2231 95 2326 τούτῳ
119 2235 167 2322 τῷ
189 2232 285 2301 παιδὶ
306 2237 468 2319 γίγνεται·
492 2233 547 2301 καί
568 2227 633 2322 γάρ
655 2224 673 2300 ὁ
697 2228 817 2300 τούτου
839 2227 946 2318 πατὴρ

4 2325 110 2418 δμοίως
134 2323 178 2419 ἦν
201 2335 338 2410 έκείνυις
361 2329 533 2420 συγγενής.
573 2327 636 2401 ούκ
657 2319 721 2402 ούν
744 2327 856 2401 δεινδν
876 2333 946 2419 ἐμοὶ

4 2431 51 2512 μὲν
69 2429 252 2522 διαρρήδην
269 2427 355 2500 οὕτω
372 2435 439 2501 τῶν
455 2429 569 2522 νόμον
587 2428 782 2501 δεδωκότων
792 2427 853 2517 τὴν
871 2438 946 2517 κλη-

5 2541 164 2622 ρονομίαν,
188 2528 325 2610 τούτους
350 2527 382 2599 δ’
408 2534 469 2614 ἔξω
492 2534 549 2618 τῆς
572 2527 756 2621 ἀγχιστείας
773 2527 947 2616 πεποιηκό-

5 2657 74 2720 του,
102 2636 227 2724 τολμᾷν
248 2633 380 2701 τουτονί
402 2646 642 2726 συκοφαντεῖν,
671 2631 726 2699 καί
752 2635 947 2715 διαγωνίσα-

5 2743 72 2801 σθαι
95 2736 173 2822 μέν,
196 2727 288 2819 ἡνίκ’
314 2726 377 2818 έγῶ
401 2733 462 2801 τού
476 2727 602 2820 κλήρου
618 2725 680 2817 την
699 2733 796 2815 δίκην
814 2725 947 2817 έλάγχα-

6 2857 67 2920 νου,
91 2834 96 2920 Ι
118 2828 163 2921 μὴ
187 2842 320 2902 οἴεσθαι
344 2835 432 2921 δεῖν,
456 2825 541 2920 μηδὲ
558 2826 881 2921 παρακαταβάλλειν,
906 2817 948 2899 ού

6 2935 66 3021 τερί
88 2935 157 3004 τῶν
179 2931 339 3003 τοιούτων
365 2941 398 3001 εῖ
416 2960 449 3002 τι
478 2937 608 3001 δίκαιον
636 2929 723 3020 εἶχεν
746 2937 854 3000 εἰπεῖν
877 2935 946 3000 δια-

6 3037 184 3122 γνοσδηναι
212 3036 393 3122 προσῆκεν,
431 3034 482 3101 ἐπὶ
518 3032 555 3100 δὲ
582 3033 643 3101 τού
668 3028 785 3112 παιδδς
812 3027 945 3119 ὀνόματι

7 3130 155 3222 πράγματ’
181 3135 250 3222 ἐμοὶ
273 3135 427 3221 παρέχειν
448 3133 505 3202 καί
528 3135 603 3224 περὶ
627 3135 693 3202 τῶν
717 3139 881 3220 μεγίστων
899 3139 947 3212 είς

7 3238 152 3305 κίνδυνον
169 3225 385 3317 καθιστάναα
403 3235 458 3302 καὶ
475 3234 552 3322 περί
568 3233 630 3322 μέν
646 3236 714 3302 τῶν
730 3227 947 3321 δμολογουμέ-
965 3245 999 3296 14

7 3355 65 3401 νον
85 3333 169 3405 εἶναι
191 3335 252 3403 τού
274 3330 391 3412 παιδδς
413 3331 587 3423 χρημάτων
610 3329 689 3422 μηδ’
709 3335 881 3401 αίτιάσθαί
894 3355 946 3417 με,

8 3429 73 3517 μηδ’
92 3432 135 3515 ῶς
152 3463 183 3504 τι
201 3443 322 3522 εῖληφα
339 3439 425 3522 ἔχειν
443 3441 549 3503 εἰπεῖν
566 3429 636 3522 (ἐφ’
655 3428 722 3520 οίς,
741 3441 775 3499 εῖ
788 3458 819 3499 τι
837 3424 947 3498 αύτῶυ

8 3538 100 3616 κακῶς
124 3533 268 3630 διῴκουν
292 3529 401 3626 ῶσπερ
423 3523 536 3622 οὗτος,
559 3539 738 3625 κρίνεσθαί
755 3557 810 3619 μοι
827 3532 947 3621 προση-
