2510 3948
314 337 448 396 ΚΑΤΑ
466 336 847 398 ΚΤΗΣῙΦΩΝΤΟΣ.
998 336 1061 398 129

107 504 325 582 ψηφιεῖσθαι,
347 491 533 582 ὁδὲρήτιιρ
544 497 689 580 γέγραφε
704 493 764 561 τὸν
774 491 974 565 ὑπεύθυνον
986 491 1058 564 στε-

107 599 244 680 φανοῦν
256 589 297 659 ού
309 589 469 677 προσθείς
478 590 636 676 ,ἐπειδὰν
645 591 693 680 δ’φῖ
703 591 806 678 λόγον
815 591 1060 679 καὶεάθύνιις,“

105 688 172 776 ἐγώ
195 689 231 758 δὲ
251 690 406 775 ἐξελέγχω
427 686 465 756 τύ
488 688 688 773 παράνομον
708 687 878 776 μάρτυρας
898 691 967 779 ἅμα
982 688 1062 770 τούς

105 787 234 872 νόμους
243 789 298 856 καὶ
308 785 348 854 τά
357 787 553 875 ’ψηφίσματα
564 789 619 856 καὶ
629 783 709 866 τούς
720 786 909 870 ἀντιδίκους
919 792 1061 878 παρεχό-

106 910 216 972 μενος.
248 885 318 965 πῶς
339 879 405 954 οὖν
424 885 468 954 ἀν
492 913 541 966 τις
567 889 850 974 περιφανέστερον
871 891 1063 968 ἐπιδείξειεν

106 981 293 1068 ἄνθρωπον
304 983 567 1070 παρανομώτατα
578 985 786 1071 γεγραφότας
1076 996 1127 1057 4λλ

52 1093 93 1148 82
190 1078 249 1160 Ὡς
265 1088 384 1150 τοίνυν
396 1084 451 1149 καὶ
468 1080 529 1169 τὴν
545 1081 731 1170 ἀνάρρησιν
742 1091 804 1151 τού
815 1085 984 1172 στεφάνου
995 1108 1060 1153 πα-

107 1181 263 1276 ραυόμως
272 1181 311 1249 έν
320 1187 366 1268 τῷ
377 1185 562 1266 ψηφίσματι
571 1182 891 1268 κελεύειγίγνεσθαι,
899 1185 954 1251 καὶ
964 1179 1058 1251 τοῦθ’

108 1276 199 1364 ὑμεῖς
209 1279 340 1358 διδάξα.
363 1274 456 1363 ὁγὰρ
468 1278 571 1366 νόμος
581 1282 766 1369 διαρρήδην
774 1279 918 1366 κελεύει,
930 1281 989 1349 ἐάν
999 1290 1061 1368 μέν

107 1402 184 1443 τινα
196 1373 383 1463 στεφανοίὴ
396 1376 513 1464 βουλή,
525 1380 563 1446 έν
572 1386 621 1468 τῷ
631 1385 857 1468 βουλευτηρίῳ
870 1376 1061 1466 ἀνακηρύτ-

107 1482 242 1560 τεσθαι,
251 1473 322 1544 Ιἐάν
332 1474 368 1543 δὲ
379 1472 398 1542 ὁ
411 1479 523 1561 δῆμος,
535 1479 572 1544 ἐν
582 1485 624 1564 τῇ
637 1480 805 1566 ἐκκλησίᾳ,
817 1477 938 1546 ἀλλοθι
949 1477 986 1545 δὲ
996 1501 1061 1563 μη-

108 1575 226 1656 δαμού.
242 1580 301 1643 καί
308 1599 365 1659 μοι
376 1576 451 1658 λέγε
462 1571 522 1641 τὸν
533 1574 648 1661 νόμον.

496 1678 673 1741 ΝΟΜΟΣ.

55 1783 94 1836 33
199 1761 308 1846 Οὗτος
329 1765 347 1835 ὁ
371 1768 488 1854 νόμος,
512 1761 744 1856 ὦἈθηναϊοι,
765 1775 821 1841 καὶ
842 1774 933 1860 μάλα
953 1782 1062 1853 καλῶς

107 1875 185 1954 ἔχει.
208 1864 251 1934 ού
262 1863 343 1952 γάρ,
355 1864 454 1954 οἶμαι,
468 1865 550 1958 ηἰἐτο
562 1871 632 1936 δεῖν
642 1866 660 1938 ὁ
671 1877 856 1958 νομοθέτης
865 1870 927 1940 τὸν
936 1873 1062 1960 ῥήτορα

107 1962 339 2052 σεμνύνεσθαι
346 1958 520 2052 πράςτούς
531 1968 674 2054 ἔξωθεν,
699 1964 769 2037 ἀλλ’
780 1967 913 2056 ἀγαπᾶν
930 1973 967 2038 ἐν
977 1967 1063 2059 αὐτῇ

108 2071 149 2150 τῇ
161 2061 258 2131 πόλει
268 2061 455 2148 τιμιάμενον
471 2058 613 2130 ἀπὸτοῦ
628 2064 736 2150 δήμου
751 2070 806 2134 καί
816 2066 860 2153 μη
869 2069 1063 2160 ἐργολαβεῖν

109 2165 231 2240 ἐντοῖς
249 2161 468 2247 κηρύγμασιν.
503 2159 522 2228 ὁ
540 2163 604 2248 μὲν
618 2155 683 2230 ούυ
700 2168 887 2253 νομοθέτης
897 2164 1020 2246 οὕτως·
1042 2163 1061 2234 ὁ

110 2261 147 2328 δέ
156 2267 339 2347 Κτησιφῶν
348 2269 434 2340 πιίςς
453 2258 683 2346 ἀναγίγνωσκε
692 2263 730 2330 τὸ
742 2263 908 2352 ψήφισμα.

468 2368 701 2431 ΨΗΦΙΣΜΑ.

59 2470 95 2523 34
191 2453 358 2542 Ἀκούετε,
381 2449 606 2546 ύἈθηναδοι,
629 2459 681 2527 ὅτι
697 2456 717 2525 ὁ
733 2458 795 2545 μέν
806 2461 990 2544 νομοθέτης
1006 2484 1063 2526 κε-

109 2554 198 2624 λεύει
214 2560 251 2625 έν
267 2553 419 2643 τῷδήμῳ
436 2557 474 2622 ἐν
483 2557 595 2623 Πυκνὶ
604 2564 646 2644 τῇ
655 2558 812 2643 ἐκκλησίᾳ
823 2554 1062 2643 ἀνακηρύττειν
1078 2565 1131 2619 428
1244 2591 1245 2594 ι

108 2651 169 2720 τὸν
178 2649 244 2721 ὑπὸ
257 2659 319 2720 τοῦ
330 2651 439 2738 δήμου
450 2651 741 2738 στεφανούμενον,
764 2651 886 2720 ἄλλοθι
902 2653 939 2720 δὲ
955 2657 1062 2738 μηδα-

108 2760 194 2838 μοῦ,
204 2759 387 2839 Κτησιφῶν
399 2749 435 2819 δέ
445 2753 538 2839 ἐντῷ
550 2749 702 2839 θεάτρφ,
720 2749 762 2818 ού
773 2747 853 2830 τούς
863 2751 989 2837 νόμους
999 2747 1063 2835 μό·-

107 2876 173 2917 νον
182 2846 346 2937 ὑπερβὰς,
368 2846 452 2919 ἀλλά
471 2845 604 2917 καὶτὸν
618 2848 724 2918 τύπον
738 2851 960 2938 μετενεγκὼν,
982 2846 1063 2918 οὐδὲ

107 2950 392 3036 ἐκκλησιαζόντων
401 2946 599 3036 Ἀθηναίων,
611 2945 696 3017 ἀλλά
707 2955 889 3040 τραγφδοῖν
897 2947 1063 3035 ’ἀγωνιζο-

107 3051 221 3136 μένων
235 3056 379 3134 καινιόν,
406 3043 483 3117 οὐδ’
495 3051 649 3116 ἐναντίον
658 3056 720 3116 τοῦ
736 3049 863 3137 δήμου,
882 3044 951 3115 ἀλλ’
963 3049 1064 3114 ἐναν·

107 3154 181 3216 τίον
198 3154 267 3216 τῶν
279 3146 464 3234 Ἑλλήνων,
484 3145 617 3235 ἵν’ἡμῑν
635 3153 849 3232 συνειδῶσιν,
873 3140 1063 3230 οἷονάνδρα

56 3260 90 3313 35
108 3254 264 3333 τιμῶμεν.
299 3245 387 3314 οὕτω
404 3252 522 3313 τοίνυν
537 3253 731 3333 περιφανῶς
747 3243 925 3329 παράνομα
941 3254 1064 3328 γεγρα-

109 3344 198 3432 φιάς,
220 3347 441 3431 παραταχθεὶς
455 3342 537 3430 μετά
548 3347 792 3433 Δημοσθένους
809 3347 933 3411 ἐποίσει
948 3343 1063 3426 τέχνας

108 3457 177 3524 τοῖς
190 3443 322 3529 νόμοις·
349 3439 389 3522 ἀς
399 3439 463 3528 έγά
476 3443 616 3530 δηλούσω
626 3444 683 3512 καὶ
691 3447 823 3529 προερῶ
834 3438 932 3527 ὑμίν,
948 3444 1005 3509 ἵνα
1016 3436 1062 3526 μὴ

107 3543 235 3630 λάθητε
246 3545 513 3630 ἐξαπατηθέντες.
536 3534 716 3628 οάτοιγάρ,
729 3536 775 3620 ἀς
786 3539 848 3628 μέν
858 3536 921 3686 οιὲκ
933 3537 1077 3625 ἀπαγο·Ι

150 3639 312 3694 Αεεειιυιτο.
