2510 3948
188 296 250 362 144
539 297 796 358 ΑΙΣΧΙΝΟΤ

117 469 170 526 m
188 449 376 546 ἐνεχθῆναι,
387 456 543 541 τοιαύτης
554 455 590 524 δέ
599 455 822 543 ἐμπιπτούσης
828 463 970 544 ταραχῆς
981 455 1063 542 μετὰ
1074 465 1140 525 των

188 557 373 643 συμφύτων
388 555 590 645 νοσημάτων
605 552 695 644 αύτῷ
705 553 770 641 ήδη
781 552 821 621 τὰ
833 549 914 639 μετὰ
925 562 1032 622 ταῦτα
1044 557 1140 642 ἐβου-

187 657 319 742 λεύετο,
341 651 422 742 μετὰ
445 658 567 732 δειλίας
583 655 637 720 καὶ
653 661 711 739 τῆς
728 650 812 741 πρὸς
828 652 1043 739 Φιλοκράτην
1058 651 1140 738 ὑπὲρ

117 763 170 822 4⁷³
187 759 247 839 τής
258 756 460 837 δωροδοκίας
471 755 677 837 ζηλοτυπίας,
690 756 745 818 καί
756 747 917 837 ἡγήσατο,
936 756 1047 818 είτοῖν
1057 771 1141 837 συμ-

187 849 443 939 πρεσβευόντων
460 851 594 917 καὶτοῦ
614 855 782 917 Φιλίππου
803 850 987 942 κατήγορος
1009 847 1141 936 ἀναφα-

187 945 640 1036 νείη,τόνμὲνΦιλοκρύτην
650 946 826 1033 προδήλως
835 944 1038 1015 ἀπολεῖσθαι
1044 998 1054 1032 ,
1066 951 1142 1025 τούς

188 1046 356 1124 δέόῖλλους
367 1050 587 1132 συμπρέσβεις
601 1044 849 1130 κινδυνεύσειν,
872 1042 973 1123 αὐτὸς
991 1043 1025 1113 δ’
1045 1043 1143 1113 εύδο-

188 1143 339 1229 κιμήσειν
348 1145 407 1224 καί
424 1142 589 1228 προδότης
605 1137 655 1209 όν
665 1149 734 1208 τοῖν
746 1147 853 1226 φίλων
862 1144 917 1210 καὶ
929 1141 1081 1231 πονηρός
1089 1168 1143 1210 πι-

188 1239 265 1320 στός
274 1250 322 1328 τῷ
336 1239 429 1331 δήμφ
447 1240 668 1327 φανήσεσθαι.
694 1240 884 1318 κατιδόντες
895 1237 929 1308 δ’
943 1237 1048 1309 αὐτὸν
1058 1245 1095 1308 οί
1101 1246 1142 1328 τῇ
1155 1248 1187 1303 82

188 1345 246 1425 τῆς
263 1339 390 1418 πόλεως
406 1344 714 1424 προσπολεμοῦντες
734 1334 854 1426 ἡσυχία
875 1337 1015 1425 ἄσμενοι
1033 1361 1140 1422 παρε-

188 1438 317 1506 ιιύλουν
328 1438 381 1505 ἐπὶ
391 1435 429 1504 τὸ
441 1443 546 1522 βῆμα,
558 1433 618 1502 τόν
628 1434 735 1520 μόνον
746 1433 1005 1523 ἀδωροδόκητον
1014 1433 1143 1522 ὀνομά-

118 1547 172 1603 474
189 1541 299 1617 ζοντες
321 1541 360 1621 τῇ
377 1533 487 1600 πόλει·
510 1529 528 1601 ὁ
546 1532 582 1600 δὲ
598 1531 728 1616 παριών
744 1531 846 1621 ἀρχὰς
861 1531 974 1614 αὐτοῖς
991 1537 1143 1602 ἐνεδίδου

191 1635 338 1718 πολέμου
357 1633 412 1700 κοιλ
432 1638 583 1718 ταραχῆς.
614 1621 713 1710 οὗτός
733 1634 838 1717 ἐστιν,
862 1624 889 1700 οδ
910 1629 1100 1719 Ἀθηναῖοι,
1124 1630 1142 1698 ό

189 1738 319 1819 πρῶτος
330 1728 473 1815 ἐξευρων
484 1733 629 1815 Σέρριον
641 1745 745 1816 τεῖχος
754 1733 810 1799 καί
823 1736 996 1815 Δορίσκον
1006 1728 1143 1816 καίἘρ-

187 1838 308 1919 μίσκην
323 1833 378 1900 καὶ
395 1836 595 1916 Μυρτίσκην
611 1831 667 1897 καί
677 1828 785 1908 Γόνος
795 1833 850 1897 καί
861 1833 1005 1913 Γανίδα,
1028 1835 1142 1914 χωρία,

189 1921 238 1997 όν
256 1927 335 1998 ούδέ
351 1926 391 1998 τὰ
410 1927 556 2015 ὀνόματα
572 1925 707 2015 ᾔδειμεν
723 1927 895 2016 πρότερον.
919 1931 975 1996 καί
985 1934 1032 2006 είς
1042 1935 1141 1994 τούτο

119 2045 172 2101 4⁷5
189 2030 304 2112 φέρων
314 2029 505 2113 περιέστησε
516 2025 556 2094 τὰ
567 2027 761 2116 πράγματα,
784 2024 861 2093 ὥστ’
884 2031 915 2095 εί
929 2027 991 2113 μὲν
1001 2028 1045 2114 μή
1056 2029 1142 2113 πέμ-

187 2147 244 2191 ποι
261 2131 426 2204 Φίλιππος
441 2131 594 2214 πρέσβεις
599 2176 609 2210 ,
633 2139 857 2212 καταφρονεῖν
873 2122 979 2193 αὐτόν
997 2132 1063 2213 ἔφη
1082 2133 1144 2212 τῆς

187 2222 331 2308 πόλεως,
349 2229 379 2290 εί
389 2224 574 2310 δὲπέμποι,
592 2226 824 2304 κατασκόπους
834 2227 992 2311 πέμπειν,
1010 2223 1086 2293 ἀλλ’
1098 2223 1144 2292 ού

188 2325 350 2411 πρέσβεις.
374 2329 405 2393 εί
425 2322 461 2391 δὲ
483 2326 667 2407 ἐπιτρέπειν
683 2327 795 2393 ἐθέλοι
812 2324 907 2394 πόλει
923 2327 988 2392 τινί
1008 2333 1064 2411 ίση
1086 2326 1145 2392 καὶ
1157 2329 1192 2386 8³

188 2418 288 2510 ὁμοίη
309 2423 383 2504 περὶ
403 2428 471 2490 τῶν
493 2423 723 2509 ἐγκλημάτων,
746 2421 809 2492 ούκ
827 2421 912 2491 εἶναι
927 2421 1043 2509 κριτήν
1065 2431 1144 2491 ίσον

119 2540 171 2595 476
186 2516 267 2605 ἡμίν
278 2527 342 2609 ἔφη
352 2525 407 2590 καὶ
419 2528 582 2591 Φιλίππω.
621 2519 826 2608 Ἁλόννησον
836 2525 963 2591 ἐδίδου·
975 2518 993 2590 ὁ
1007 2519 1040 2588 δ’
1052 2518 1144 2609 ἄπη-

187 2618 305 2705 χόρευε
317 2619 360 2707 μή
373 2620 573 2709 λαμβόνειυ,
585 2626 616 2690 εί
628 2625 779 2708 δίδωσιν,
791 2617 876 2689 ἆλλδι
888 2619 932 2707 μή
944 2617 1142 2704 ἀποδίδωσι,

119 2737 171 2793 478
190 2721 265 2802 περὶ
277 2726 454 2805 συλλαβῶν
464 2721 713 2806 διαφερόμενος.
735 2721 791 2789 καὶ
804 2719 843 2788 τό
860 2727 1048 2788 τελευταίου
1065 2738 1144 2786 στε-

189 2815 348 2900 φανούσας
363 2816 442 2895 τούς
460 2819 541 2904 μετὰ
560 2817 800 2905 Ἀριστοδήμου
817 2825 862 2898 είς
882 2825 1063 2887 Θετταλίαν
1082 2819 1143 2886 καὶ

188 2918 393 2997 Μαγνησίαν
405 2913 495 2998 παρὰ
512 2915 571 2995 τὰς
587 2926 645 3003 τῆς
655 2918 788 3005 εἰρήνης
800 2919 974 3005 συνθήκας
984 2921 1140 3002 ἐπιστρα-

187 3011 367 3090 τεύσαντας
385 3007 448 3098 τήν
457 3010 519 3097 μὲν
530 3014 668 3102 είρήυην
679 3020 825 3103 διέλυσε,
837 3016 899 3103 τήν
910 3019 946 3084 δὲ
957 3010 1141 3102 συμφορὰν

188 3113 242 3176 καί
253 3108 312 3176 τὸν
323 3111 471 3198 πόλεμον
480 3113 737 3197 παρεσκεύασεν.

270 3209 355 3295 Ναὶ,
374 3206 457 3277 ἀλλὰ
467 3218 600 3297 χαλκοῖς
611 3213 666 3281 καὶ
676 3211 909 3301 ἀδαμαντίνοις
919 3231 1076 3300 τειχεσιυ,
1095 3207 1141 3290 ὥς
1155 3222 1193 3278 84

186 3304 286 3386 αὐτός
304 3328 402 3394 φησι,
426 3307 488 3396 τήν
503 3309 616 3398 χιόραν
632 3309 727 3398 ήμῶν
743 3315 894 3400 ἐτείχισε,
916 3321 957 3400 τῇ
979 3320 1048 3378 τῶν
1067 3305 1140 3379 ίίύ-
1238 3389 1239 3398 ,

186 3409 294 3490 βοέων
304 3408 358 3474 καὶ
371 3414 527 3495 Θηβαίων
539 3418 714 3501 συμμαχίᾳ.
732 3409 818 3498 ἄλλ’,
833 3404 1049 3502 ύἈθηναίοι,
1063 3411 1139 3494 περὶ
1238 3403 1239 3408 ¹

185 3508 290 3567 ταῦτα
306 3511 380 3586 τρία
398 3509 534 3592 μέγιστα
551 3510 713 3597 ήδίκησθε
723 3516 779 3580 καί
789 3509 1137 3598 μόλισταήμνοήκατε.
