2442 3948
162 189 201 252 62
579 183 708 234 Ινιιου
1015 181 1071 236 02.
1090 185 1121 236 5.

79 392 83 409 ··
160 360 216 427 καὶ
241 353 321 425 οὐδὲ
345 352 427 425 κατά
458 352 494 424 τό
521 353 687 444 ἐλάχιστον
712 357 808 445 μέρος
833 352 1121 443 τήςόίκειότητος

161 459 253 527 ἐλέου
275 452 357 547 ’παρ’
385 452 490 526 αότοῦ
507 455 639 545 ἔτυχον,
666 452 738 524 ἀλλ’
758 450 898 544 ὀρφανοὶ
923 458 979 526 καλ
997 463 1119 546 ἔρημοι

160 560 215 626 καὶ
232 558 368 644 πένητες
385 555 555 646 γενόμενοι
572 554 706 626 πάντων
730 557 786 625 καὶ
803 557 870 626 ταῖν
887 553 966 626 καθ’
983 551 1119 647 ἡμέραν
1217 585 1218 604 ³

161 662 354 745 ἐπιτηδείων
379 647 464 744 ἦσαν
490 660 623 736 ἐνδεεῖς.
663 651 767 736 οὕτως
792 652 912 736 αότοός
937 659 1118 746 Δικαιογέ-

158 787 219 847 νης
234 753 347 828 οότοσλ
365 754 528 845 ἐγγυτάτω
555 752 602 828 τόν
618 759 735 844 γένους
753 755 983 846 ἐπετρόπευεν·
1006 753 1041 838 ὅς
1060 785 1115 847 με,

159 856 256 949 άμὲυ
272 853 290 927 ὁ
308 855 413 948 πατήρ
431 854 542 939 αὐτοῖς
560 853 750 946 Θεόπομπος
767 859 933 946 κατέλιπε,
950 873 1019 938 τοῖς
1033 857 1118 928 κου’·
1216 907 1217 910 =

158 987 225 1029 των
252 961 383 1049 ἐχθροῖς
408 961 617 1046 παρέδωκεν,
643 953 665 1025 ά
692 957 728 1027 δέ
745 952 763 1026 ὁ
780 953 862 1044 πρός
879 955 999 1049 μητρός
1016 969 1118 1041 θεῖος

158 1061 213 1128 καὶ
239 1053 256 1128 ό
282 1057 412 1140 πάππος
438 1055 549 1140 αὐτοῖς
575 1064 715 1146 ἔδωκεν,
743 1053 842 1138 αὐτός
867 1054 1020 1147 άφείλετο
1046 1057 1117 1149 πρὸ

108 1163 140 1213 1¹
161 1165 262 1246 δίκης.
298 1162 352 1229 καὶ
370 1157 390 1230 δ
405 1157 538 1230 πάντων
565 1156 768 1247 δεινότατον,
794 1155 856 1246 τήν
872 1165 981 1230 οίκίαν
998 1155 1118 1230 αὐτῶν

159 1256 220 1348 τὴν
236 1258 406 1353 πατρςόαν,
425 1265 555 1331 παίδων
576 1257 682 1330 όντων
699 1257 842 1347 τούτων,
861 1257 1036 1349 πριάμενος
1054 1263 1118 1330 καὶ

159 1359 367 1444 κατασκάψας
384 1357 442 1431 τόν
465 1361 571 1448 κήπου
598 1357 770 1446 ἐποιήσατο
787 1356 868 1450 πρός
884 1363 927 1448 τῇ
943 1353 1047 1430 αὖτοῦ
1063 1367 1118 1430 οί-

158 1468 214 1552 κίρι
231 1463 272 1550 τῇ
290 1464 325 1531 ἐν
342 1458 441 1530 άστει.
469 1461 523 1532 καὶ
541 1459 719 1550 λαμβάνων
729 1467 895 1549 μίσθωσιν
906 1456 1118 1548 ὀγδοήκοντα

158 1564 241 1650 μυᾶς
268 1564 302 1630 ἐκ
328 1564 394 1631 τῶν
411 1563 646 1649 Δικαιογένους
662 1565 723 1630 τοῦ
738 1555 896 1651 ἡμετέρου
919 1568 1015 1631 θείου
1032 1589 1117 1650 χρη-
1219 1549 1220 1574 ³

158 1659 285 1749 μάτων,
318 1658 375 1730 τόν
408 1663 535 1731 ἐκείνου
565 1657 770 1750 ἀδελφιδοῦν
800 1657 1032 1751 Κηφισόδοτον
1063 1665 1119 1754 τῷ

160 1762 282 1830 ἑαυτοῦ
305 1756 613 1858 άδελφρῗΑρμοδίφ
639 1763 849 1851 συνέπεμψεν
876 1768 921 1842 είς
938 1759 1126 1850 Κόρινθον
1219 1755 1220 1812 Ῠ

158 1857 229 1932 ἄντ’
249 1857 452 1932 άκολοόθου·
481 1865 648 1943 είς,τοῦτο
665 1858 793 1952 ὕβρεως
811 1863 867 1932 καὶ
884 1868 1014 1953 μιαρίας
1032 1857 1115 1949 άφί-
1218 1909 1220 1928 ,

157 1989 239 2031 κετο.
284 1963 338 2031 καὶ
365 1959 445 2052 πρός
470 1978 538 2042 τοῖς
556 1959 665 2044 άλλοις
687 1979 798 2043 κακοῖς
816 1959 967 2045 ὀνειδίζει
984 1965 1038 2032 καὶ
1058 1966 1115 2050 ἐγ·

157 2071 253 2130 καλεῖ
276 2059 367 2154 αὐτῷ
392 2059 442 2132 ότι
469 2060 612 2150 ἐμβάδας
629 2066 683 2131 καὶ
701 2069 848 2152 τρίβωνα
865 2079 978 2153 φορεῖ,
997 2058 1115 2152 ὥσπερ

156 2157 374 2249 άδικοάμευός
399 2190 430 2230 τι
449 2168 478 2230 εί
496 2160 640 2250 ἐμβάδας
656 2161 883 2250 Κηφισόδοτος
901 2179 999 2253 φορεῖ
1005 2215 1014 2250 ,
1032 2158 1112 2232 ἄλλ’

156 2256 217 2328 οὐκ
243 2257 369 2329 ἀδικεῖν
394 2257 443 2329 ὅτι
469 2256 670 2350 ἀφελόμενος
696 2258 797 2334 αὐτόν
822 2260 863 2331 τά
887 2260 967 2333 όντα
984 2264 1114 2350 πένητα

156 2367 345 2448 πεποίηκεν.

107 2470 138 2522 12
228 2457 324 2530 Ἀλλά
355 2457 420 2549 μήν
446 2462 521 2550 περὶ
547 2458 673 2530 τούτων
699 2460 841 2531 τοσαῦτά
866 2491 919 2551 μοι
948 2461 1115 2553 εἰρήσθω·

157 2558 256 2631 πάλιν
275 2557 306 2630 δ’
327 2557 573 2650 ἐπάνειμιὶόθεν
598 2557 766 2634 άπέλιπον.
802 2565 986 2646 Μενέξενος
1011 2560 1115 2654 γάρὸ

156 2665 420 2751 Κηφισοφῶντος
436 2659 519 2750 υίός,
538 2656 671 2746 άνεψιδς
689 2657 737 2732 όν
754 2661 972 2755 Κηφισοδότῳ
990 2667 1115 2757 τουτφὶ

157 2763 211 2829 καί
230 2765 303 2850 ἐμοί
307 2816 315 2850 ,
335 2765 390 2831 καὶ
409 2766 575 2850 προσήκον
592 2759 683 2854 αὐτῷ
698 2765 760 2831 τοὺ
776 2760 899 2852 κλήρου
916 2766 1012 2852 μέρος
1030 2759 1115 2835 ὅσον

156 2886 217 2948 περ
236 2863 325 2949 ἐμοί,
353 2860 479 2950 ἐπεξῄει
505 2878 573 2942 τοῖς
590 2859 919 2952 καταμαρτυρήσασιν
945 2858 1037 2951 ἡμῶν
1054 2867 1114 2936 καὶ

156 2962 283 3029 ἐκείνου
310 2958 349 3028 τά
376 2967 500 3049 ψευδῆ,
529 2963 583 3029 καὶ
608 2959 772 3049 Λάκωνα,
799 2957 839 3031 όν
864 2988 926 3053 περ
954 2961 1113 3053 είσήμαμε

155 3061 286 3148 πρῶτον
313 3067 359 3140 είς
385 3057 421 3129 τό
449 3059 676 3151 δικαστήριον,
702 3064 820 3132 τοῦτον
839 3058 940 3133 εἷλεν·
959 3058 995 3143 δς
1013 3066 1113 3154 ἐμαρ-

154 3157 279 3249 τόρησε
310 3162 531 3249 Λικαιομέυηυ
562 3157 741 3249 ποιηθῆναι
767 3159 824 3234 τόν
849 3165 914 3232 νῦν
939 3160 1019 3233 όντα
1043 3160 1112 3234 ὑπὸ

154 3264 215 3330 τοῦ
239 3269 336 3332 θείου
362 3264 422 3331 τοῦ
446 3256 606 3353 ἡμετέρου
631 3259 709 3332 υίόυ
737 3265 789 3333 ἐπὶ
811 3265 909 3334 παντὶ
925 3266 973 3356 τῷ
988 3263 1111 3356 κλήρῳ.

105 3373 137 3427 13
154 3361 366 3452 μαρτυρήσας
385 3362 542 3433 δὲταῦτα
561 3361 645 3432 ἑάλω
664 3366 965 3453 ψευδομαρτυριῶν.
996 3363 1112 3453 ἐπειδή

156 3461 424 3552 δὲΔικαιογένης,
452 3452 632 3555 όάνδρες,
651 3459 759 3533 οὐκέτι
782 3459 866 3553 ὑμεῖς
885 3461 1021 3535 δόναταε
1041 3467 1112 3548 ἐξα.
