2444 3946
214 238 254 300 10
623 230 757 281 ιυειου
1073 229 1121 280 οι.
1138 229 1161 280 1.

214 433 288 496 ριον
310 399 360 472 ὅτι
381 397 462 471 ούδὲ
485 405 591 471 ταῦτα
614 405 754 491 ἔπραξεν
771 397 854 492 ἡμᾶς
877 402 1036 490 βλάπτειν
1053 399 1163 490 βουλό-

214 524 327 595 μενος·
350 500 605 591 τελευτησαντος
628 501 692 592 γάρ
709 511 848 573 Δεινίου
866 507 922 573 καλ
939 508 1007 575 τοῖν
1023 500 1163 594 πραγμύ-

215 633 283 685 των
293 600 373 695 ημῖν
390 608 541 694 πονηροῖς
553 603 695 693 ἐχόντων
712 601 793 674 ούδὲ
810 611 978 696 περιεῖδεν
995 600 1078 694 ἡμεῖς
1090 599 1161 673 οὐδ’

217 704 290 787 ἑνός
314 709 437 784 ἐνδεεῖς
460 703 575 793 ὄντας,
598 701 672 774 ἀλλ’
698 701 819 786 αύτούς
835 706 898 795 μὲν
916 714 961 787 είς
978 705 1041 794 τὴν
1063 712 1165 774 οίκίαν

214 803 275 895 τὴν
292 802 397 877 αύτού
389 804 623 927 κομισάμενος
636 809 714 875 ἐπαί
699 812 790 876 ίδευε
797 805 886 896 ,τὴν
905 805 942 876 δ”
956 804 1075 878 ούσίαν
1091 803 1165 894 άμε-

215 912 331 978 λέσθαι
355 910 422 977 τοῖν
443 904 595 1036 χρήστων
613 907 922 1036 ἐπιβουλευσάντων
939 902 1136 978 ἐσωσενῑ
1080 925 1136 1027 ημῑ
1136 937 1164 994 ν,

215 1005 402 1098 ἐπεμελεῐτύ
412 1035 448 1078 τε
463 1002 582 1097 ὁμοίως
599 1011 667 1078 τοῖν
684 1003 851 1097 ἡμετέρων
862 1006 972 1100 ὥσπερ
989 1013 1057 1079 τοῖν
1069 1003 1167 1078 αύτού

165 1123 195 1173 13
213 1108 421 1201 πραγμάτων
456 1116 562 1179 καίτοι
579 1137 641 1198 χρη
657 1120 803 1198 θεωρεῖν
821 1106 927 1179 αύτού
942 1139 1003 1198 την
1022 1107 1166 1180 διάνοιαν

215 1216 251 1280 ἐκ
271 1208 399 1281 τούτων
420 1213 488 1280 τοῖν
511 1217 618 1300 ἔργων
645 1213 770 1300 μάλλον
793 1205 813 1298 ἢ
839 1215 875 1280 ἐκ
896 1213 963 1280 τοῖν
988 1215 1165 1298 διαθηκοῖν,

215 1315 270 1382 καὶ
287 1320 473 1401 τεκμηρίοις
495 1314 638 1401 χρῆσθαι
655 1308 700 1400 μὴ
717 1327 785 1391 τοῖς
802 1308 874 1401 μετ’
897 1308 996 1403 ὀργῆς
1014 1323 1166 1403 πραχθεῖ-

215 1434 285 1498 σιν,
317 1417 353 1482 ἐν
380 1408 428 1492 οἷς
452 1408 595 1492 ἅπαντες
624 1410 821 1502 πεφύκαμεν
849 1408 1065 1503 ἁμαρτάνειν,
1095 1408 1166 1482 ἀλλ’

215 1510 275 1602 ἀφ’
296 1503 344 1583 εῖν
359 1510 501 1603 ὕστερον
518 1510 669 1604 φανεράν
692 1510 753 1602 τὴν
771 1509 880 1585 αύτοεῖΙ
894 1513 1044 1585 διάνοιαν
1064 1517 1167 1601 ἐποίη-

215 1636 282 1684 σεν.
325 1621 371 1683 ἐτι
394 1610 457 1705 γάρ
480 1616 604 1702 μάλλον
633 1617 759 1694 ἐντοῖς
782 1623 980 1696 τελευταίοις
1006 1614 1168 1704 ἐδήλωσεν

165 1733 196 1782 14
215 1709 258 1795 οῖς
282 1715 347 1804 εἶχε
371 1712 452 1798 πρὸς
474 1710 567 1803 ἡμᾶς.
614 1711 679 1803 ἤδη
702 1712 766 1804 γάρ
787 1711 943 1787 άσθεναῖν
964 1715 1089 1805 ταύτην
1111 1713 1169 1803 τὴν
1213 1731 1214 1772 λ

213 1814 314 1886 νόσον
339 1819 369 1898 ἐξ
393 1805 432 1904 ἦς
456 1814 681 1904 ἐτελεύτησεν,
701 1815 869 1905 ἐβουλήθη
886 1816 1009 1898 ταύτας
1027 1814 1083 1897 τάς
1102 1823 1167 1886 δια-

179 1956 188 1976 ι·
213 1914 321 2005 θήκας
340 1914 474 1988 άνελεῐν
492 1920 547 1986 καλ
565 1920 743 2008 προσέταξε
753 1924 970 2011 Ποσειδίππῳ
988 1915 1049 2006 τὴν
1066 1913 1167 2009 α’ρχὴι

214 2025 412 2107 εἰσαγαγεῖν.
448 2014 465 2090 ὁ
486 2019 522 2088 δὲ
540 2014 581 2088 ού
598 2017 702 2108 μόνον
718 2014 781 2088 ούκ
800 2017 990 2108 εἰσήγαγεν,
1016 2015 1099 2088 άλλά
1117 2021 1168 2088 καὶ

213 2117 274 2192 τόν,
296 2119 439 2190 ἐλθόντα
462 2123 530 2189 ταῖν
554 2116 724 2208 άρχύντων
749 2123 802 2188 ἐπὶ
819 2117 881 2207 τὴν
898 2118 1011 2209 θύραν
1028 2115 1169 2209 άπέπεμ-
1212 2137 1213 2182 1

213 2234 285 2302 ηεν.
326 2217 496 2310 ὀργισθεὶς
527 2220 563 2290 δὲ
584 2218 690 2311 τούτῳ
712 2219 912 2310 Κλεώνυμος
934 2220 1033 2291 πάλιν
1057 2224 1089 2302 ἐς
1113 2219 1170 2308 τὴν

213 2315 393 2410 ύστεραίαν
410 2329 549 2392 Διοκλει
563 2324 698 2390 καλέσαι
715 2318 792 2401 τούς
809 2319 969 2412 άρχοντας
980 2325 1168 2412 προσέταξε

213 2417 321 2490 καῖ’
282 2449 343 2510 ουχ
355 2418 460 2502 οὕτως
478 2417 630 2502 άσθεναῖς
643 2427 865 2545 διακείμενρς,
883 2419 956 2492 ἄλλ’
977 2430 1023 2492 ἐτι
1041 2427 1171 2494 πολλοῖν

213 2518 324 2593 ούσοῖν
337 2525 481 2593 ἐλπίδων
493 2526 698 2610 ἐξαπίνης
655 2551 714 2610 της
726 2521 844 2604 νυκτός
855 2521 976 2612 ταύτης
993 2511 1169 2595 άπέθανεν.

164 2653 194 2703 15
288 2627 430 2714 Προῖτον
457 2654 519 2714 μεν
541 2614 604 2693 ούν
627 2619 708 2712 ὑμῖν
737 2627 915 2714 παρέξομαι
937 2624 1106 2716 μάρτυρας
1130 2620 1212 2704 οῖς.

213 2720 274 2814 ούχ
297 2721 377 2814 ημῖν
403 2728 550 2814 ἐγκαλεῖν
573 2720 655 2794 άλλά
673 2733 792 2815 Δεινίᾳ
809 2730 962 2815 πολεμεῖν
978 2725 1100 2807 ταύτας
1118 2723 1170 2805 τάς

214 2824 378 2912 διαθήκας
398 2821 544 2913 διέθετο,
569 2833 681 2896 ἔπειτα
705 2820 749 2905 οῖς
767 2829 895 2896 ἐκείνου
917 2825 1170 2915 τελευτησαντος

214 2923 401 3018 ἐπεμελεῐτό
424 2954 460 2996 τε
482 2929 549 2997 ταῖν
577 2921 745 3016 ἡμετέρων
769 2922 941 3016 ἁπάντων,
970 2930 1026 2997 καὶ
1051 2925 1170 3007 αύτούς

214 3028 390 3098 ἐπαίδευεν
420 3033 467 3108 είς
495 3024 556 3115 τὴν
583 3033 693 3098 οίκίαν
720 3024 782 3114 την
811 3023 916 3098 αύτού
945 3026 1169 3118 κομισάμενος,
1210 3099 1211 3112 ,

212 3123 293 3217 πρὸς
322 3127 360 3198 δὲ
388 3126 515 3208 τούτοις
544 3123 588 3210 οῖς
611 3133 841 3199 Ποσείδιππον
864 3135 1009 3218 ἐπεμψεν
1039 3132 1093 3200 ἐπὶ
1115 3128 1172 3200 τόν
1210 3129 1211 3181 λ

211 3223 415 3319 άστυνύμον,
444 3219 540 3309 οὗτος
569 3226 600 3298 δ’
632 3225 675 3298 ού
702 3227 805 3318 μόνον
835 3226 933 3310 αύτός
962 3226 1025 3301 ούκ
1049 3228 1170 3300 είσεκά-

212 3337 324 3420 λεσεν,
349 3326 432 3400 άλλά
455 3333 510 3400 καὶ
534 3327 676 3402 ἐλθόντα
694 3327 801 3400 ἐπὶ
764 3357 826 3418 την
842 3329 955 3420 θύραν
970 3328 1172 3451 Ἀρχωνίδην

163 3445 194 3496 16
212 3425 413 3522 άπέπεμψεν.
457 3426 512 3512 Ὡς
540 3421 603 3502 ούν
631 3427 743 3520 άληθῆ
772 3434 874 3518 λέγω,
903 3431 994 3502 κάλει
1018 3461 1072 3522 μοι
1095 3429 1172 3511 τούς

211 3528 387 3622 μάρτυρας.
