2442 3948
0 314 26 351 ιι.
45 291 90 342 54.
157 291 248 342 ΠΕΡΙ
265 288 341 341 ΤΟΤ
360 281 636 344 ΔΙΚΑΙΟΓΕΝΟΤΣ
653 289 817 342 ΚΛΗΡΟΤ.
926 296 965 357 67

2 465 101 552 μέρος
130 458 210 534 ὅσον
235 490 297 552 περ
322 466 364 552 τή
389 465 486 553 μητρί
503 465 545 552 τῇ
563 465 632 551 έμή.
669 464 739 530 ἐπεὶ
759 458 792 530 δ’
811 454 873 532 οὖν
890 459 967 534 ἀπέ-
985 481 1018 532 27

4 586 62 650 στη
80 567 304 651 Δικαιογένης
330 578 403 644 ταῖς
419 565 551 651 γυναιξί
568 577 642 632 τοῖν
661 567 758 632 δυοῖν
775 578 891 652 μεροῖν
907 567 969 634 τοδ

5 663 147 754 κλήρου,
177 661 272 752 ήξίου
293 659 312 734 δ
333 662 512 754 Λεωχάρης
540 661 599 734 τδν
628 667 872 753 Πρωταρχίδην
908 691 968 734 πα·

6 763 182 852 ραδιδόναι
210 761 301 857 αὐτῷ
328 763 390 852 τήν
425 771 598 835 συνοικίαν
624 759 669 852 ἢν
693 763 781 853 εἶχεν
809 759 883 833 ἀντὶ
911 767 969 852 τῆς

6 864 158 955 προικός,
186 861 231 947 ιδς
256 863 327 936 ὅντι
355 869 498 955 ε’γγυητή
523 861 629 958 αὐτῷ,
656 861 693 934 τδ
716 865 753 934 δὲ
770 867 867 955 μέρος
884 860 970 956 ὑπὲρ

7 970 60 1054 τής
94 963 255 1055 γυναικὸς
288 969 349 1036 τοῦ
380 964 503 1056 κλήρου
530 962 609 1088 παρ’
637 961 742 1035 αὑτοῦ
768 973 968 1055 κομίζεσθαι.

7 1065 210 1157 παραλαβων
237 1068 274 1137 δὲ
290 1065 352 1155 τήν
370 1075 543 1137 συνοικίαν
559 1095 596 1136 το
585 1063 711 1158 μέρος
729 1093 770 1135 ου
760 1061 968 1157 ’.παρέδωκε

8 1166 210 1239 καὶτούτων
234 1163 317 1257 ὑμῖν
342 1165 492 1258 μάρτυρα
516 1165 575 1238 τδν
601 1178 766 1258 Πρωταρχ
768 1173 846 1254 ίδην
872 1171 970 1259 παρέ·

9 1272 110 1357 ξομαι

412 1415 570 1466 ΜΑΡΤΤΣ.

79 1573 168 1659 Περὶ
184 1571 221 1639 δὲ
240 1573 414 1658 ἐπισκευῆς
432 1573 494 1641 τοῦ
510 1578 688 1658 βαλανείου
706 1574 761 1640 καί
778 1578 969 1662 οἰκοδομίας
986 1594 1021 1652 28

13 1673 61 1738 καὶ
78 1670 243 1762 πρότερον
269 1680 380 1761 εἴρηκε
396 1674 617 1759 Δικαιογένης
634 1673 690 1740 καὶ
706 1675 772 1743 νῦν
790 1683 870 1754 ἴσως
890 1676 969 1764 ἐρεῖ,

13 1765 51 1849 ὦς
75 1767 338 1860 ὁμολογήσαντες
370 1769 463 1864 αὐτῷ
491 1767 681 1842 ἀποδώσειν
710 1770 750 1841 τά
776 1769 971 1862 ἀναλωμένα

14 1867 67 1940 οὐκ
83 1869 317 1961 ἀπεδώκαμεν,
335 1875 391 1942 καὶ
408 1869 458 1942 ὅτι
476 1869 531 1942 διδ
542 1874 639 1942 τοῦτο
653 1867 693 1941 οὐ
713 1871 851 1943 δύναται
869 1870 971 1942 ἀπαλ-

14 1969 143 2043 λάσσειν
170 1969 248 2054 τοδς
265 1971 424 2063 χρήστας,
450 1969 531 2044 οὐδὲ
547 1968 628 2062 ήμῖν
654 1977 863 2063 παραδοῦναι
881 1969 902 2042 ἀ
921 1979 974 2043 δεῖ

17 2068 117 2144 αὐτόν.
165 2069 259 2163 ήμεῖς
287 2077 340 2162 δέ,
368 2065 394 2144 οδ
420 2071 557 2165 ἀνδρες,
586 2075 639 2142 ἐπὶ
664 2076 728 2143 τοῦ
745 2078 969 2164 δικαστηρίου,
989 2102 1022 2156 29

16 2167 62 2240 ὅτε
77 2171 307 2264 ήναγκάζομεν
324 2172 426 2246 αὐτὸν
437 2171 642 2264 ἀφίστασθαι
652 2173 793 2264 τούτων,
812 2171 887 2246 ἀντὶ
904 2179 971 2246 τῶν

18 2279 225 2368 λειτουργιῶν
250 2277 306 2346 καὶ
330 2279 399 2346 των
417 2283 463 2357 είς
479 2273 519 2346 τά
543 2275 787 2367 οἰκοδομήματα
803 2273 971 2366 ἀναλωμέ-

19 2401 78 2443 νων
102 2374 249 2466 ἀφεῖμεν
274 2373 366 2469 αὐτῷ
391 2373 469 2457 τούς
495 2375 661 2468 καρπούς,
688 2375 777 2447 οὕτω
794 2381 861 2448 των
881 2383 971 2447 δικα-

21 2479 95 2546 οτιῖν
117 2475 391 2606 γιγνωσκόντων·
418 2474 559 2567 ὕστερον
584 2473 615 2546 δ’
635 2474 698 2546 οὐκ
715 2473 971 2566 ἀναγκαζόμενοι

22 2568 127 2643 ἀλλ”
111 2576 245 2658 εκόντες
272 2584 391 2667 ἔδομεν
408 2606 497 2646 αυτω
517 2575 578 2664 τήν
598 2575 672 2646 έν”
651 2598 742 2646 αστει
760 2605 778 2646 ο
780 2584 870 2646 ίκίαν
889 2581 970 2659 ἐξαι-

26 2680 167 2758 μεθέντες
185 2676 267 2770 πρδς
282 2683 445 2772 προτρέπω
463 2681 555 2798 μέρει
572 2704 632 2746 του
620 2675 774 2766 κλήρου
792 2684 879 2765 ἔχειν
896 2673 971 2746 ἀντὶ

26 2800 78 2846 των
95 2773 455 2869 ἐπεσκευασμένονν,“
433 2806 477 2866 ην
494 2804 589 2857 ουτος
607 2773 682 2847 ἀντὶ
699 2785 973 2866 πεντακισχιλίων

30 2877 169 2998 δραχμῶν
195 2883 367 2970 παρέδωκε
394 2885 585 2971 Φιλονείιιῳ.
640 2883 758 2966 ἔδομεν
785 2874 888 2947 δέ’
848 2908 889 2950 ου
917 2876 972 2948 διὰ
990 2893 1023 2946 30

15 2971 76 3086 μὴν
97 3009 158 3051 του
146 2982 422 3068 Δικαιογένους
447 2977 665 3071 χρηστότητα,
694 3007 719 3048 ω
745 2976 876 3069 ἀνδρες,
896 2976 970 3050 ἀλλ’

16 3087 43 3138 Τἐ
33 3075 323 3170 ἕτιδεικνυμευοι“
304 3111 354 3152 οτι
371 3109 412 3151 ου
403 3076 508 3170 ’περὶ
526 3088 677 3161 πλείονος
694 3079 843 3202 χρήματα
859 3080 971 3152 ποιού-

34 3188 102 3256 μεθα
125 3209 195 3252 των
211 3188 358 3270 οίκείων,
386 3175 500 3250 οὐδ’
480 3210 521 3250 αν
547 3179 636 3251 πάνυ
655 3171 839 3271 πονηροί
811 3203 880 3251 ωσι.
917 3185 973 3251 καὶ

35 3272 83 3365 δίο
105 3281 264 3373 πρότερον
289 3278 338 3353 δι’
359 3279 413 3371 ἐφ’
431 3278 512 3371 ήμῖυ
539 3285 665 3370 ἐγένετο
682 3285 905 3369 Δικαιογένηυ
926 3308 972 3349 τι·

37 3379 233 3467 δωρήσασθαι
260 3387 314 3453 καὶ
332 3379 519 3472 ἀφελέσθαι
537 3380 557 3451 δῖ
576 3382 681 3472 εἶχεν,
708 3379 771 3452 οὐκ
790 3379 972 3468 ἐβουλήθη

37 3499 84 3558 δεῖ
98 3485 161 3552 των
170 3481 291 3554 τούτου
315 3485 319 3572 Ι
343 3482 526 3570 κτήσασθαι
543 3479 656 3570 οὐδέν,
676 3478 759 3551 ἀλλά
776 3479 816 3550 τὰ
832 3476 974 3570 ήμέτερα

37 3573 124 3656 μόνον
148 3591 348 3672 κομίσασθαι
374 3582 501 3674 έξήρκει
518 3578 606 3672 ἡμῖν.
631 3573 738 3662 ὀὗτος
758 3577 791 3650 δ’
810 3576 860 3650 ὅτ’
881 3579 973 3672 έκρά·

777 3701 820 3764 5*
