2442 3948
218 245 258 309 36
631 236 760 289 ΙΣΔΙΟΤ
1054 315 1058 323 .
1079 237 1126 289 On.
1144 238 1167 288 3.

217 439 287 500 ται,
311 408 389 491 τους
408 407 666 492 ἐπιεικεστάτους
681 413 749 479 τῶν
765 413 908 479 πολιτοίν
930 411 984 478 καί
1001 407 1078 490 τούς
1094 404 1168 498 ήμῑν

217 510 488 602 γνωριμωτάτους
521 512 654 591 ἕκαστος
685 505 779 598 ήμῶν
809 520 994 599 παρακαλεῖ
1022 508 1167 598 μάλιστα,

166 626 198 680 21
218 615 273 682 καί
290 609 331 681 οὐ
348 608 427 701 μεθ’
448 607 523 690 ἐνὸς
538 607 620 680 οὐδὲ
637 607 717 699 μετά
741 615 855 698 δυοῖν,
879 606 952 680 ἄλλ’
972 605 1017 691 ὣς
1035 605 1078 682 ἐν
1094 608 1169 699 μετά

218 720 383 796 πλείστων
401 709 581 799 δυνάμεθα
602 708 660 791 τοὶς
683 715 902 800 ἐκμαρτυρίας
924 708 1045 791 πάντες
1063 709 1167 781 ποιού-

219 826 322 903 μεθα,
349 818 406 882 ’ίνα
428 815 475 906 τῷ
496 837 532 880 τε
554 810 835 901 ἐκμαρτυρήσαντι
857 808 901 900 μή
926 814 1010 900 ἐξείη
1033 807 1169 900 ὕστερον

220 913 344 1007 ἐξάρνῳ
360 915 518 1001 γενέσθαι
530 908 591 999 τήν
600 918 797 1003 μαρτυρίαν,
814 907 909 1000 ὑμεῖς
925 938 961 980 τε
973 921 1107 992 πολλοῖς
1118 913 1167 980 καί

218 1023 329 1094 καλοῖς
342 1010 502 1102 κάγαθυίς
511 1016 617 1082 ταῦτα
627 1015 830 1102 μαρτυροῦσι
841 1009 1027 1082 πιστεύοιτε
1039 1016 1166 1100 μᾶλλον.

168 1133 200 1182 22
217 1117 380 1202 Ξενοκλῆς
398 1121 517 1184 Ιτοίνυν
534 1111 661 1200 Βήσαζε
678 1113 739 1202 μέν
757 1109 818 1182 ίοδν
842 1118 887 1193 είς
904 1109 940 1182 τό
959 1111 1167 1204 ἐργαστήρια

218 1212 255 1284 τὸ
271 1209 430 1305 ήμέτερον
448 1221 494 1294 είς
511 1210 551 1282 τά
569 1219 664 1302 ἔργα,
688 1209 749 1302 οάχ
771 1208 916 1301 ήγήσατο
935 1217 1007 1284 δεῖν
1023 1229 1093 1294 τοῖς
1111 1209 1167 1282 άπὸ

217 1319 279 1386 τοῦ
295 1310 480 1404 αὐτομάτου
500 1317 568 1383 ἐκεῖ
585 1317 757 1403 ἐντυχοῦσι
779 1312 918 1403 μάρτυσι
936 1317 1080 1402 χρῆσθαι
1099 1315 1166 1400 περὶ

218 1419 275 1503 τῆς
293 1419 469 1504 ἐξαγωγῆς,
487 1409 561 1483 ἀλλ’
573 1404 654 1501 ῆκευ
667 1420 751 1504 ἔχων
762 1415 901 1484 ἐνθένδε
912 1412 1108 1504 Διόφαντον
1117 1411 1168 1483 τὸν
1213 1499 1214 1502 ¹

219 1515 389 1604 Σφήττιον
405 1512 484 1605 μεθ’
497 1517 628 1602 ἑαυτοῦ,
645 1509 682 1595 ὃς
701 1521 792 1603 ἔλεγε
808 1511 869 1602 τήν
888 1519 985 1602 δίκην
1001 1510 1088 1604 ὑπὲρ
1101 1511 1166 1584 τοία
1212 1525 1214 1590 ἰ

218 1643 294 1704 του,
313 1618 368 1685 καὶ
386 1614 569 1704 Δωρόθεον
586 1613 645 1685 τὸν
662 1611 863 1685 Ἐλευσίνιον
880 1617 935 1684 καί
952 1612 1010 1685 τὸν
1027 1611 1167 1704 άδελρὸν
1213 1641 1214 1654 ³

219 1713 324 1785 αὐτοῦ
336 1713 501 1805 Φιλοχάρη
513 1717 568 1784 καὶ
581 1712 699 1795 ἄλλους
716 1713 857 1796 πολλοὺς
873 1713 1052 1805 μάρτυρας,
1070 1743 1166 1804 παρα·

219 1813 383 1904 κεκληκώς
402 1819 541 1887 ἐνθένδε
559 1822 715 1896 σταδίους
728 1812 823 1904 ἐγγῦς
836 1823 1041 1905 τριακοσίους
1055 1819 1166 1886 ἐκεῖσε

167 1932 200 1984 23
218 1920 292 2007 περὶ
312 1919 350 1987 δέ
366 1921 424 2006 τῆς
442 1915 561 2005 ἐγγύης
578 1919 635 2004 τῆς
652 1915 758 2005 τήθης
780 1919 847 1986 τῶν
865 1921 996 1987 παίδων
1012 1920 1080 1988 ταῖν
1101 1920 1165 1986 ἑαν-

218 2021 281 2092 τοτῖ
302 2022 338 2088 ἐν
355 2021 402 2111 τῷ
417 2014 508 2087 άστει
532 2021 754 2106 ἐκμαρτυρίαν
777 2013 837 2106 (ὥς
860 2017 956 2106 φησι)
979 2015 1166 2106 ποιούμενος

218 2122 286 2188 ταῖν
307 2119 368 2206 μὲν
390 2125 523 2188 οέκείων
540 2113 663 2187 οὐδένα
685 2121 752 2188 τοῖν
775 2120 897 2186 ἑαυτοῦ
920 2113 1165 2210 παρακεκληκδς

218 2225 388 2306 φαίνεται,
407 2215 590 2288 Διονύσιον
609 2219 646 2286 δέ
660 2214 785 2308 Ἑρχιέα
802 2215 881 2287 καί’
875 2217 1099 2309 Αριστόλοχον
1116 2221 1164 2286 Al·

218 2324 377 2405 θαλίδην·
403 2315 484 2406 μετά
502 2324 579 2387 δυοί
566 2333 599 2388 ίν
615 2345 746 2388 τοντοιν
771 2322 806 2389 ἐν
823 2345 868 2411 τω
886 2315 976 2390 αστει
994 2316 1100 2390 αὐτοῦ
1114 2313 1165 2403 τήν

219 2422 440 2508 ἐκμαρτυρίαν
463 2417 668 2506 ποιήσασθαί
688 2441 791 2507 φασιν
817 2410 916 2490 οὖτοι.
949 2448 1089 2490 τοιαντα
1113 2415 1211 2508 μὲν

217 2517 257 2588 τά
269 2517 421 2590 τούτων
457 2515 506 2600 οἷς
533 2515 652 2588 ονδ”“
633 2547 675 2589 αν
698 2515 817 2609 περἩ
801 2523 942 2590 οτονοῦν
969 2520 1164 2591 πιστεύσειεν

167 2643 202 2693 24
217 2617 323 2701 αλλως
346 2616 467 2702 οὐδείς.
511 2630 590 2700 ἴσως
618 2648 680 2710 γαρ
703 2611 746 2708 ήν
774 2617 816 2707 νῆ
839 2629 907 2691 Δία
930 2619 1096 2710 πάρεργον
1118 2617 1162 2687 καὶ

219 2723 365 2809 φαῦλου,
390 2723 466 2811 περὶ
487 2711 530 2791 οά
550 2718 611 2807 τῆν
635 2724 855 2810 ἐκμαρτυρίαν
877 2719 965 2811 παρά
987 2725 1050 2792 τοῦ
1065 2731 1162 2808 Πυρε-

218 2828 315 2900 τίδου
338 2824 420 2908 φασὶ
443 2820 645 2908 ποιήσασθαι
667 2849 774 2910 ουτοι,
804 2843 887 2892 ωστε
915 2817 1016 2892 οὐδὲν
1044 2834 1161 2909 θαυμα-

218 2918 297 2991 στὸν
325 2916 572 3009 ὀλιγωρηθῆυαι
595 2911 661 3044 ῆν
658 2918 694 2990 τὸ
707 2947 859 3042 πραγμα.
898 2924 953 2992 καὶ
976 2949 1064 3009 πως;
1092 2917 1162 2992 ωστε

219 3017 349 3110 περὶ’
308 3024 412 3090 αυτοῦ
427 3019 546 3091 τούτου
562 3016 580 3090 ὁ
589 3017 685 3109 άγων
697 3010 740 3108 ήν
752 3017 769 3093 ὁ
782 3049 849 3092 των
866 3023 1160 3114 ψευδομαρτυριων,
1207 3081 1208 3086 ,

218 3117 258 3191 δυ
280 3125 443 3248 Ξενοκλῆς
468 3116 675 3210 ἐφευγεν,
654 3149 675 3210 η
699 3125 772 3204 ἐξ
755 3130 828 3192 εταί
827 3151 885 3213 ρας
913 3119 934 3211 ή
960 3125 991 3208 ξ
1015 3119 1161 3212 ἐγγυητής

218 3220 279 3309 τήν
298 3249 419 3291 εαυτου
442 3238 586 3343 γυναῖκα
611 3220 704 3292 εἶναι.
739 3223 808 3292 εἶτα
832 3226 926 3293 ἐπὶ
907 3222 1032 3312 ταύτην
1053 3219 1094 3293 ἂν
1109 3215 1160 3304 τήν
1206 3269 1207 3347 ρ

217 3330 417 3413 μαρτυρίαν,
443 3330 474 3392 εί
494 3311 537 3412 ήν
542 3319 701 3442 άληθής,
726 3351 787 3393 ουκ
809 3353 851 3394 αν
868 3351 1016 3406 απαντας
1033 3351 1106 3402 τους
1121 3322 1158 3386 ol·

166 3443 199 3494 25
217 3431 326 3504 κείους
343 3421 420 3546 τοής
433 3451 554 3494 εαυτου
542 3427 775 3514 ’παρακαλεῖν
793 3426 916 3505 ἐκεῖνος
933 3421 1087 3512 ήξίωσεν;
1111 3415 1157 3488 ναί

217 3522 262 3615 μά
275 3530 353 3616 Δία,
374 3520 418 3606 ὡς
431 3521 578 3614 ἐγωγε”
551 3552 654 3618 ριμην,
676 3533 708 3593 εί
721 3551 759 3612 γε
776 3514 818 3612 ήν
835 3522 957 3614 άληθές
974 3523 1011 3596 τό
1029 3526 1155 3615 πρᾶγμα·
1204 3595 1205 3628 ρ
