2474 3946
263 296 383 354 Πονε
400 262 834 356 mmmmm&
960 295 1020 362 109

72 458 164 542 ἐμοῦ,
177 446 242 540 ἆρα
252 457 440 540 μέμνησθε,
459 452 503 532 ὥς
515 454 736 538 ἐπιδακρύσας
748 458 804 525 καί
813 459 875 543 την
883 457 1023 528 Ἑλλάδα

71 554 339 640 κατοδυράμενος
355 556 410 622 καί
427 554 585 639 Σάτυρον
600 553 662 622 τὸν
676 553 826 641 κωμικὸν
836 555 1023 646 ὑποκριτὴν

71 657 348 740 προσεπαινέσας,
373 651 424 722 ὅτι
440 657 554 734 ξένους
571 651 664 733 τινάς
679 653 784 722 αὑτοῦ
797 661 1023 744 αἰχμαλώτους

71 752 276 831 σκάπτοντας
293 754 332 820 έν
348 761 397 840 τῷ
413 758 583 820 Φιλίππου
601 749 851 845 ἀμπελουργείῳ
861 758 916 824 καὶ
928 761 1022 825 δεδε·

20 867 56 926 157
73 852 192 934 μένους
202 848 292 938 παρὰ
303 848 365 917 τδν
375 849 481 918 πάτον
489 850 664 939 έξητήσατο
674 851 764 936 παρά
773 860 834 920 τοῦ
843 861 1021 946 Φιλίππου,

23 947 25 952 ’
71 947 169 1018 ταῦθ’
184 947 462 1029 ὑποθείςέπελπεν
470 951 697 1037 ἐντεινάμενος
707 953 832 1039 ταύτην
841 951 904 1041 την
915 950 1023 1033 ὀξεῖαν

70 1052 121 1116 καὶ
139 1046 281 1116 ἀνόσιον
292 1047 427 1135 φωνην,
451 1046 497 1127 ὡς
510 1047 622 1117 δεινὸν
632 1057 699 1136 εἰη,
721 1056 752 1118 εἰ
761 1047 778 1116 ὁ
790 1048 1024 1136 μὲντοδςΚα-

70 1155 191 1231 ρίωνας
202 1149 257 1214 καί
267 1152 417 1224 Ξανθίας
425 1141 691 1232 ὑποκρινάμενος
701 1145 808 1227 οὕτως
819 1145 957 1234 εὐγενὴς
967 1150 1023 1217 καί
1037 1160 1090 1216 ³22

71 1244 298 1332 μεγαλόψυχος
313 1248 459 1329 γένοιτο,
481 1242 545 1328 έγά
565 1243 598 1311 δ’
618 1242 637 1312 ὁ
654 1252 712 1332 τῆς
728 1253 882 1334 μεγίστης
894 1248 1022 1325 πόλεως

69 1345 273 1432 σύμβουλος,
296 1341 314 1412 ὁ
332 1341 412 1424 τούς
423 1351 564 1431 μυρίους
577 1343 749 1434 Ἀρκάδων
765 1353 956 1431 νουθετῶν,
979 1347 1021 1414 οὐ

69 1437 261 1532 κατάσχοιμι
282 1443 344 1531 τὴν
365 1444 484 1533 ὕβριν,
513 1443 597 1513 άλλά
620 1447 930 1532 παραθερμανθείς,
960 1444 1020 1514 ὅθ’

68 1540 153 1629 ἡμᾶς
165 1548 267 1611 εἰστία
278 1543 464 1621 Ξενόδοκος
473 1552 543 1610 τάν
554 1546 694 1627 ἑταίρων
703 1572 752 1625 τις
761 1554 831 1612 τάν
841 1552 1020 1631 Φιλίππου,

68 1644 195 1728 ἕλκοιμι
219 1647 289 1708 τῶν
314 1647 436 1725 τριχῶν
463 1642 518 1707 καὶ
543 1638 656 1726 λαβὼν
678 1645 805 1729 ῥυτῆρα
827 1649 1021 1729 μαστιγοίην

20 1747 54 1803 158
68 1741 278 1826 αἰχμάλωτον
293 1751 446 1822 γνναίκα.
469 1736 596 1806 οὐκοῦν
613 1746 643 1807 εἰ
656 1738 750 1826 ὑμεῖς
766 1740 858 1831 αὐτῷ
868 1744 1022 1812 ἐπιστεί-

67 1857 142 1904 σατε
165 1831 187 1922 ἦ
208 1834 445 1922 Ἀριστοφάνης
464 1861 531 1922 μον
555 1839 861 1924 συγκατεψεύσατο,
889 1840 944 1908 ἐπ’
968 1846 1020 1908 αἰ-

67 1947 180 2020 σχραίς
201 1939 318 2014 αἰτίαις
340 1931 459 2013 άδίκως
478 1933 661 2022 άπωλόμηυ
677 1934 729 2005 άν.
752 1936 865 2004 έάσετε
882 1929 946 2004 οὖν
958 1934 1021 2002 αὐ-

68 2031 122 2100 τὸν
138 2029 178 2099 τὰ
198 2039 353 2100 τοιοῦτον
369 2029 474 2101 αὑτοῦ
492 2036 757 2121 προστρόπαιον,
776 2032 820 2122 μη
831 2035 896 2121 γάρ
908 2033 948 2122 δὴ
961 2043 1021 2121 τῆς
1037 2047 1089 2104 ³23

70 2131 203 2216 πόλεως,
217 2127 302 2198 ὥστε
312 2133 351 2198 ἐν
361 2128 442 2216 ὑμίν
452 2128 739 2218 άναοτρέφεσθαις
751 2135 806 2200 καί
817 2131 881 2220 την
891 2134 980 2220 μδνέ
1000 2174 1019 2185 -

71 2233 206 2314 κλησίαν
224 2235 419 2316 καθαίρετε,
442 2232 480 2298 έν
497 2229 532 2298 δὲ
548 2244 617 2310 τοϊς
632 2238 820 2319 ψηφίσμασι
833 2228 887 2299 διά
897 2233 1021 2300 τούτου

72 2323 125 2403 τάς
135 2322 233 2412 εὐχάς
249 2326 432 2414 ποιήσεσθε
447 2329 502 2396 καί
515 2328 672 2414 στρατιάν
681 2325 705 2417 ἢ
715 2332 816 2419 πεζὴν
825 2325 848 2418 ἢ
858 2331 1021 2416 ναυτικὴν

72 2425 261 2510 έκπέμψετες
280 2423 412 2513 καὶμὴν
424 2425 444 2493 ὅ
453 2453 492 2512 γε
503 2425 657 2508 Ἡσίοδος
666 2431 769 2516 λέγει,

110 2526 249 2595 πολλάκι
260 2552 311 2594 τοι
322 2527 476 2612 ξύμπασα
487 2528 583 2607 πόλις
592 2536 700 2622 κακοῦ
709 2527 832 2612 ἀνδρὸς
842 2527 988 2616 άπηάρα,
1036 2549 1086 2603 ³24

111 2615 146 2705 άς
156 2652 215 2694 κεν
226 2623 398 2713 άλιτραίνη
408 2627 464 2692 καί
475 2622 650 2693 άτάσθαλα
661 2627 876 2713 μηχανάαται.

28 2733 63 2787 ,εί
140 2720 199 2792 Ἓν
211 2721 247 2791 δὲ
257 2716 341 2807 πρὸς
351 2735 420 2801 τοῖς
432 2724 616 2808 εἰρημένοις
627 2727 731 2790 εἰπεῖν
742 2728 789 2790 ἔτι
799 2722 975 2811 βούλομαι.
992 2727 1022 2790 εἰ

75 2820 131 2904 γάρ
141 2846 207 2889 που
217 2845 266 2899 τις
282 2825 351 2888 ἔστι
368 2827 468 2888 κακία
478 2818 551 2888 κατ’
567 2818 789 2908 άνθράπονς,
814 2816 859 2888 άν
869 2820 915 2909 μὴ
926 2847 1016 2905 πρω-

76 2919 205 2987 τεύοντα
218 2920 292 3003 περί
305 2919 432 3006 ταύτην
442 2917 604 3000 άποδείξιο
615 2923 852 3007 Δημοσθένην,
863 2922 1018 2990 θανάτου

76 3023 218 3102 τιμάμαι.
242 3014 317 3086 ἀλλ’
335 3015 426 3103 οἰμαι
441 3015 548 3085 πολλά
563 3019 623 3090 ,καί
633 3017 757 3104 χαλεπά
769 3026 1022 3102 παρακολουθεῖ

49 3200 52 3205 ¹
76 3120 114 3202 τῷ
123 3117 316 3208 κρινομένῳ,
329 3119 384 3185 καὶ
398 3125 576 3202 μετακαλεῖ
582 3113 644 3203 τὴν
654 3115 764 3204 ψυχὴν
775 3114 840 3184 άπδ
851 3125 908 3203 τῆς
919 3114 1020 3204 ὀργῆς

78 3207 256 3297 ὁκίνδννος
273 3219 325 3285 έπί
342 3214 420 3295 τοδς
437 3214 521 3301 ὑπὲρ
545 3223 603 3304 τῆς
623 3220 785 3302 σωτηρίας
805 3213 941 3300 λόγους,
964 3218 1020 3282 καὶ

22 3359 23 3364 1
79 3313 281 3404 διαλογισμὸν
298 3324 491 3403 παρίστησι,
516 3315 563 3404 μή
574 3343 604 3383 τι
616 3320 785 3401 παραλίπῃ
795 3319 865 3380 τάν
876 3337 1019 3399 κατηγο-

22 3373 24 3510 ἰ
80 3418 226 3496 οημένων.
239 3413 324 3484 άστε
338 3413 406 3503 ἅμα
416 3414 477 3501 μὲν
488 3411 585 3500 ὑμᾶς,
596 3411 665 3499 ἅμα
675 3411 711 3480 δὲ
722 3406 866 3498 έμαντδν
877 3415 923 3488 εἰς
933 3405 1019 3476 άνά-

31 3513 67 3568 160
79 3533 186 3596 μνησιν
202 3521 272 3582 τάν
290 3516 567 3601 κατηγορημένων
583 3511 721 3597 άγαγείν
741 3509 915 3598 βούλομαι.
937 3527 1018 3575 σκο-
