2444 3946
65 220 109 272 Οε.
127 222 146 274 l.
217 223 306 273 ΠΕΡΙ
324 223 398 273 ΤΟΤ
417 222 652 274 ΚΛΕΩΝΤΜΟΤ
670 221 833 272 ΚΑΗΡΟΤ.
961 231 1000 289 17

66 388 111 472 τάς
127 393 160 462 δὲ
178 392 356 482 διαθήκας,
380 388 431 474 αἷς
452 382 550 463 ούτοι
565 391 773 473 πιστεύοντες
798 385 880 482 ήμάς
903 415 999 464 συκο·

66 496 245 618 φαντούσιν,
283 490 394 573 ούδεὶς
427 487 522 581 ὑμῶν
555 493 627 562 οἶδε
661 501 777 583 κυρίας
810 495 996 582 γενομένας.

66 598 159 662 ἔπειτα
179 592 240 681 τήν
269 588 370 683 μὲν
352 595 515 682 ημετέραν
542 595 738 681 συγγένειαν
766 588 921 682 εὑρήσετε
943 597 997 664 καὶ

65 690 129 782 παρ’
151 690 350 764 αὐτῶντῶν
373 689 552 762 ἀντιδίκων
574 688 855 814 ὁμολογουμένην,
878 690 934 774 τάς
963 696 999 764 δὲ

66 789 246 881 διαθήκας’
223 790 290 916 υφ’
309 789 405 964 ήμων
421 790 746 883 ἀμφισβητουμένας
769 782 860 863 ούτοι
884 791 946 914 γὰρ
963 792 998 864 τό

64 888 177 963 ἀνελεῖν
190 891 291 974 αύτάς
310 898 438 964 ἐκείνου
451 897 674 982 βουλομένου
669 892 883 964 διεκωλύσαν.
913 889 998 966 ωσθ’
1017 907 1050 958 43

64 987 140 1112 ύμῖν,
158 1023 183 1062 ω
172 985 332 1084 ἀνδρες,
351 990 436 1064 πολύ
453 992 623 1064 κάλλιόνέ
623 1016 673 1063 στι
691 1002 901 1115 ψηφίσασθαι
919 992 1000 1066 κατά

65 1121 94 1160 το
85 1089 255 1180 γένος
221 1124 257 1164 το
282 1121 348 1184 παρ
354 1090 587 1186 ’ἀμφοτέρων
616 1089 710 1184 ήμοῖν
737 1089 1000 1185 ὁμολογούμενον

65 1195 170 1279 μᾶλλον
187 1189 208 1282 ή
227 1188 309 1264 κατά
326 1191 383 1275 τάς
402 1192 564 1282 διαθήκας
582 1191 638 1275 τάς
656 1191 696 1278 ρύ
716 1200 849 1275 δικαίως
866 1223 999 1284 γεγενη-

64 1295 154 1380 μένας.
189 1293 270 1380 πρὸς
290 1296 326 1364 δὲ
343 1291 469 1375 τούτοις
488 1293 700 1384 ἐνθυμήθητε
717 1289 766 1366 ὅτι
785 1290 885 1376 αύτάς
904 1303 999 1365 ἔλυσε

63 1393 115 1479 μὲν
122 1394 316 1484 Κλεώνυμος
334 1385 374 1466 εύ
392 1396 544 1485 φρονοῖν,
564 1397 693 1465 διέθετο
707 1395 743 1464 δὲ
760 1391 927 1484 ὀργισθεὶς
945 1398 999 1465 καὶ

62 1489 115 1562 ούκ
129 1491 235 1584 ὀρθοῖς
258 1493 509 1584 βουλευόμενος·
552 1491 636 1564 οἷστε
654 1493 788 1564 πάντων
805 1490 847 1565 ἀν
865 1507 916 1584 είη
935 1502 998 1564 δει-

62 1591 197 1685 νότατον,
224 1603 255 1666 εί
270 1597 473 1686 κυριωτέραν
491 1591 595 1666 αύτού
611 1592 672 1682 τήν
688 1592 792 1684 ὀργήν
809 1591 829 1683 ή
847 1594 907 1685 τήν
931 1594 998 1666 διά-

62 1721 143 1764 νοιαν
159 1695 317 1784 ποιήσετε.

128 1796 222 1885 Οἶμαι
236 1793 268 1865 δ’
287 1791 371 1885 ύμάς
385 1798 440 1866 καὶ
452 1792 634 1885 λαμβάνειν
647 1793 735 1884 παρά
747 1795 873 1866 τούτων
885 1793 1000 1879 ἀξιούν
1018 1817 1050 1866 44

62 1894 163 1984 καὶμὴ
184 1895 406 1988 τυγχάνοντας
428 1890 643 1984 ἀγανακτεῖν,
666 1891 715 1976 οἷς
732 1891 921 1986 ἀν’ύπάρχη
945 1900 999 1965 καὶ

60 1992 129 2082 παρ’
157 1992 252 2086 ύμοῖν
282 1999 349 2066 τοῖν
377 1992 488 2065 αύτοὶν
517 2011 638 2086 τυχεῖν.
687 2003 717 2064 εί
738 2003 853 2066 τοίνυν
877 1999 1000 2083 συνέβη

61 2095 237 2189 Κλεωνύμῳ
255 2097 316 2186 μέν
334 2101 408 2186 ζῇν,
438 2099 683 2186 ἐξερημωθῆναι
709 2097 745 2166 δὲ
763 2093 820 2167 τὸν
844 2091 1000 2185 ἡμέτερον
1054 2163 1058 2170 .

59 2194 140 2266 οἷκον
156 2192 175 2284 ή
192 2195 251 2267 τόν
268 2195 411 2284 τούτων,
435 2200 604 2280 σκέψασθε
627 2202 774 2286 ποτέρων
793 2200 916 2278 ἐκεῖνος
936 2200 998 2292 έγί-

60 2323 143 2380 γνετο
169 2296 385 2387 κληρονόμος
416 2303 544 2368 δίκαιον
572 2296 635 2387 γάρ
665 2300 731 2367 ἐστι
754 2297 891 2379 τούτους
915 2305 1000 2386 ἔχειν

60 2393 93 2462 τά
115 2399 255 2486 ἐκείνου,
282 2394 360 2486 παρ’
386 2387 434 2466 οἷν
452 2394 610 2486 ἀφείλετο
634 2399 688 2466 καί
706 2406 821 2487 λαβεῖν
838 2395 935 2491 αύτῷ.
973 2404 1003 2468 εί
1019 2412 1045 2460 4ἱ

60 2497 111 2581 μὲν
131 2506 243 2568 τοίνυν
269 2500 444 2587 Φερένικος
462 2493 483 2584 ή
501 2499 567 2568 τοῖν
589 2495 745 2586 ἀδελφοῖν
769 2527 817 2578 τις
836 2497 1000 2585 ἐτελεύτη-

60 2617 124 2685 σεν
146 2604 180 2670 oc
194 2604 310 2678 παίδες
334 2602 368 2667 οί
388 2595 531 2684 τούτων,
554 2594 616 2717 οήκ
641 2601 763 2677 ἐκεῖνος
782 2601 928 2686 ἐγίγνετο
944 2597 1000 2666 κύ-

61 2723 118 2782 ριος
143 2727 209 2768 των
236 2698 540 2817 καταλειφθέντων
574 2693 668 2785 ἡμων
698 2698 734 2765 δὲ
762 2696 896 2786 τοιαύτη
920 2697 1001 2787 τύχη

60 2802 260 2888 χρησαμένων
277 2795 478 2885 Κλεώνυμος
503 2792 658 2867 ἀπάντων
676 2800 822 2885 ἐγίγνετο
845 2797 1000 2888 κληρονό-

59 2925 116 2980 μος.
149 2897 225 2969 ούτε
247 2897 310 2988 γάρ
334 2924 380 2967 πα
382 2892 492 2978 ῑδες“
473 2914 553 2986 ημῖν
570 2886 656 2985 ήσαν
679 2894 751 2968 οὔτ’
775 2895 866 2968 ἄλλοι
884 2920 999 2987 συγγε-

60 3013 133 3088 νεις,
151 2996 224 3069 ἀλλ’
247 3002 370 3079 ἐκεῖνος
387 3000 443 3068 καὶ
461 3001 549 3086 γένει
559 2997 742 3119 προσήκων
761 2997 925 3087 έγγυτάτω
944 3003 998 3068 καὶ

60 3123 91 3224 τη
108 3108 197 3221 χρείᾳ
215 3097 347 3170 πάντων
365 3088 407 3186 ήν
425 3097 633 3178 οἰκειότατος
654 3096 737 3168 ὥστε
755 3097 808 3168 διά
825 3103 928 3168 ταύτα
945 3102 999 3169 καὶ
1017 3120 1051 3172 46

61 3201 88 3262 οί
88 3198 193 3289 νόμοι
218 3198 402 3271 δεδοίκασιν
425 3194 531 3292 αύτω,
559 3195 660 3268 καλ
642 3215 735 3288 ημείς
757 3196 879 3268 ούδένα
901 3197 1002 3268 ἀλλον

61 3290 231 3390 ήξιοίσαμεν
252 3297 372 3387 ταύτης
395 3303 451 3386 τῆς
477 3303 610 3389 δωρεαῖς.
653 3295 692 3368 ού
711 3297 779 3421 γάρ
799 3298 910 3419 δήπου
923 3302 1000 3381 ζων-

62 3421 104 3477 τις
129 3429 188 3490 μεν
210 3397 314 3480 οὕτως
343 3395 385 3468 ἀν
411 3403 653 3489 ένεχειρίσαμεν
676 3397 767 3491 αύτφ
788 3396 849 3486 τήν
871 3395 1000 3484 ούσίαν,
1110 3401 1112 3405 ’

64 3491 135 3568 δστε
152 3504 226 3592 περὶ
248 3495 350 3570 τοῖν
332 3501 497 3589 ημετέρων
516 3501 718 3589 κυριωτέραν
736 3495 897 3585 εἶναιτὴν
922 3501 1002 3578 ἐκεί·

102 3614 205 3664 Imus.
827 3616 845 3673 2
