2510 3948
202 271 264 334 126
559 266 808 326 ΑΙΣΧΙΝΟΥ

201 430 314 519 λαβών
324 425 400 515 μηδ’
415 425 589 504 ἀναλύσας
599 423 729 494 άποίσει
750 423 904 510 λόγοντῇ
914 422 1028 504 πόλεις
1050 419 1150 500 αὐτὸς

199 527 382 615 ὑποβάλλει
391 528 447 594 καλ
458 522 629 594 διδάσκειὸ
640 524 742 609 νόμος
752 519 773 589 ά
780 521 842 609 χρὴ
850 521 993 607 γράφειν
1004 549 1010 561 ·
1023 523 1152 590 κελεύει

197 629 261 716 γάρ
270 623 350 694 αύτό
361 629 459 694 τοῦτο
470 623 661 708 ἐγγράφειν,
671 621 724 689 δτι
734 619 826 706 ,,ούτ’
838 626 959 707 ἔλαβον
970 619 1074 690 οὐδὲν
1084 629 1149 689 των

195 736 253 814 τῆς
264 728 390 803 πόλεως
404 719 471 790 οὔτ’
484 720 674 810 άιηὶλωσα.“
706 717 900 788 άνεύθννον
917 719 954 788 δὲ
970 719 1026 788 καὶ
1037 717 1151 798 άνεξέ·

196 848 317 894 ιαστον
328 825 383 892 καλ
400 821 561 908 ἀζήτητον
577 819 679 890 οὐδέν
695 822 840 890 ἐστιτων
856 821 894 887 ἐν
903 825 944 906 τῇ
960 818 1067 886 πόλει.
1099 817 1150 886 ὅτι

195 930 231 994 δὲ
243 923 354 1011 ιἰληθῆ
367 925 467 1006 λέγω,
480 917 592 988 αὐτῶν
602 917 766 988 άκούσατε
776 924 844 985 τῶν
855 916 977 1002 νόμων.

589 1021 754 1084 ΝΟΜΟΙ.
793 1017 796 1024 ’

268 1113 372 1188 Ὅταν
391 1123 507 1185 τοίνυν
531 1114 670 1200 μάλιστα
691 1112 902 1198 θρασύνηται
922 1118 1147 1200 Δημοσθένης
1160 1124 1192 1177 23

125 1238 178 1294 415
196 1213 344 1302 λέγων,
322 1241 366 1294 ως
376 1214 431 1283 διά
440 1214 551 1300 τὴνέπ
528 1216 659 1280 πίδοσιν
669 1205 733 1278 ούκ
746 1215 836 1278 ἔστιν
848 1207 1082 1296 ύπεύθννος,’
1064 1225 1151 1278 εκει-

195 1341 235 1382 νο
247 1312 336 1401 αύιω
322 1309 574 1398 ὑποβάλλετε
607 1305 698 1394 „ofin
715 1299 779 1375 οὖν
796 1309 896 1400 ἐχρῆν
912 1329 966 1393 σε,
992 1336 1019 1376 ω
1009 1300 1149 1395 Δημύ-

196 1422 333 1496 σθενες,
354 1406 499 1478 ἐασαι
464 1434 524 1476 τον
540 1413 611 1476 τῶν
626 1411 790 1491 λογιστῶν
806 1404 938 1490 κήρυκα
955 1408 1145 1492 κηρῦξαιτδ

193 1533 335 1596 πατριον
345 1511 399 1576 καὶ
410 1512 553 1590 ἔννομον
562 1528 717 1589 κηρυγμα
726 1528 843 1588 τουτο
861 1510 910 1582 τίς
919 1504 1150 1625 βονλεταικα

139 1663 143 1670 .
193 1619 362 1692 τηγορεῖνς
390 1608 490 1672 ἔασον
511 1599 761 1688 ἀμφισβητῆσαί
778 1621 832 1667 σοι
851 1598 912 1668 τδν
932 1583 1146 1690 βουλύμενον

192 1728 261 1770 των
272 1706 432 1784 πολιτων,
456 1696 500 1779 ὥς
512 1699 767 1784 ούκέπέδωκας,
791 1695 892 1768 α’λλΗ
872 1697 936 1766 απὸ
949 1694 1126 1770 πολλων
1096 1730 1147 1771 ων

192 1805 273 1886 ἔχεις
284 1795 376 1879 εἰς
340 1825 401 1885 την
417 1806 485 1866 τῶν
495 1825 641 1884 τειχωνο
643 1802 817 1883 ἰκοδομίαν
833 1798 933 1885 μικρά
945 1805 1144 1888 κατέθηκας,

191 1904 270 1970 δέκα
281 1900 424 1968 τάλαντα
436 1905 482 1978 εἰς
492 1906 595 1968 ταῦτα
606 1901 708 1984 ἐκτῆς
718 1895 845 1976 πόλεως
854 1899 1006 1984 εἰληφώς.
1024 1901 1069 1986 μὴ
1078 1899 1148 1982 άρ-

192 2004 271 2078 παζε
282 1996 344 2084 την
355 2003 560 2082 φιλοτιμίαν,
583 1995 665 2082 μηδὲ
683 1999 815 2081 ἐξαιροῦ
830 2003 899 2063 τῶν
910 2002 1074 2066 δικαστῶν
1082 1998 1148 2078 τάς

195 2095 330 2181 ψήφους
345 2099 382 2163 ἐκ
398 2121 466 2162 των
482 2101 618 2182 χειρῶν,
641 2093 718 2182 μηδ’
732 2102 923 2183 ἔμπροσθεν
940 2105 1008 2166 τῶν
1018 2099 1147 2188 νόμων,

194 2188 298 2258 άλλ’”
274 2210 413 2274 νστερος
429 2192 616 2259 πολιτεύου.
648 2200 751 2262 ταῦτα
768 2192 833 2280 γάρ
850 2192 953 2320 ρ’ρθοῖ
967 2192 1029 2282 τὴν
1040 2201 1148 2284 δημο-

192 2292 338 2372 κρατίαν.
348 2291 369 2328 “

122 2413 174 2468 ειη
276 2382 368 2472 Προς
378 2376 493 2470 μὲν
449 2410 513 2452 ονν
524 2409 582 2463 τας
592 2409 692 2464 κενας
702 2384 943 2473 προφασεις,ας
953 2415 1046 2458 ουτοι
1057 2414 1146 2476 προ-
1163 2399 1192 2456 24

192 2491 408 2570 φασιοῦνται,
431 2486 524 2569 μέχρι
542 2488 642 2551 τοῦδε
664 2486 812 2570 εἰρήσθω
829 2511 901 2572 μοι·
921 2486 973 2554 ὅτι
989 2484 1148 2568 δὲὸντως

191 2575 235 2668 ἦν
245 2581 441 2662 ὑπεύθυνος
452 2579 470 2651 ὁ
481 2583 719 2670 Δημοσθένης,
737 2579 790 2651 ὅθ’
804 2573 903 2663 οὗτος
919 2582 1089 2671 εἰσήνεγκε
1100 2584 1143 2653 τδ

190 2681 360 2768 ψήφισμα,
385 2681 496 2768 άργων
506 2681 569 2768 μὲν
587 2681 649 2767 τὴν
659 2684 712 2750 ἐπὶ
722 2690 769 2770 τῷ
779 2690 935 2770 θεωρικῷ
949 2681 1066 2769 άρχὴν,
1078 2681 1146 2768 ἅρ-

189 2805 258 2864 χων
269 2779 306 2846 δὲ
316 2775 379 2863 τὴν
395 2787 463 2846 των
474 2789 678 2866 τειχοποιῶν,
703 2779 879 2867 οὐδετέρας
890 2785 929 2848 δέ
936 2805 989 2849 πω
1001 2789 1071 2848 τῶν
1080 2779 1148 2866 ἆρ-

191 2884 261 2965 χιόν
271 2876 400 2944 τούτων
411 2877 514 2962 λόγον
524 2875 688 2964 ὑμλνούδ’
701 2876 853 2958 εὐθύνας
864 2875 1034 2964 δεδωκάς,
1050 2877 1146 2944 ταῦτ’

191 2976 255 3065 ἤδη
282 2974 482 3061 πειράσομαι
507 2973 595 3062 ὑμᾶς
622 2978 792 3047 διδάσκειν
812 2981 849 3047 ἐκ
877 2985 946 3044 ταῖν
971 2981 1145 3062 δημοσίων

189 3076 401 3162 γραμμάτων.
434 3079 493 3140 καί
506 3100 564 3160 μοι
582 3072 774 3162 άνάγνωθι,
802 3078 856 3144 ἐπὶ
873 3081 963 3152 τίνος
979 3072 1145 3160 άρχοντος

188 3174 244 3242 καὶ
254 3179 354 3241 ποίον
364 3171 469 3260 μηνὸς
486 3173 542 3241 καλ
552 3175 589 3242 ἐν
605 3179 670 3242 τίνι
686 3172 793 3264 ἡμέρᾳ
808 3177 864 3268 καλ
875 3177 912 3242 ἐν
928 3178 1006 3261 ποίᾳ
1018 3177 1143 3262 ἐκκλη·

189 3282 245 3364 σία
260 3271 493 3361 ἐχειροτονήθη
502 3279 728 3364 Δημοσθένης
744 3274 808 3363 τὴν
823 3273 930 3362 α’ργὴν
945 3271 1010 3362 τὴν
1025 3277 1080 3344 ἐπὶ
1091 3282 1142 3370 τῷ

187 3379 350 3464 θεωρικῷ.
