2486 3948
450 283 744 343 ΕΠΙΣΤΟΛΑΙ.
1010 283 1071 349 203

112 447 412 521 θεονςὲπιστελλαί
420 462 473 511 σοι
485 445 650 529 δυναίμην
660 437 705 510 ἀν
715 443 1073 533 αὐτάρκωςτήνὺπερ-

65 554 92 608 2
112 538 226 627 βολὴν
238 548 295 629 τῆς
303 546 578 628 φιλανθρωπίας,
596 537 660 630 ὅση
670 543 823 627 κέχρηται
834 545 908 628 περὶ
919 547 983 630 ἐμέ.
1017 546 1073 612 καλ

112 636 186 727 γάρ
198 643 307 708 οίκίαν
318 644 458 728 δημοσίᾳ
470 643 617 725 δοθῆναί
625 642 919 727 μοι’παρεσκεάασε
936 645 991 711 καὶ
1006 669 1075 729 χω-

114 742 243 824 ρίονίν
252 743 425 830 Καμείρῳ,
436 742 491 807 καὶ
503 736 604 817 αὐτὸς
615 740 651 806 δὲ
663 745 808 825 ἔπεμψεν
818 737 897 826 ἡμίν
907 741 946 808 τά
962 743 1073 828 ἐπιτή-

115 843 196 906 δεια
208 839 262 905 καὶ
273 844 319 916 είς
329 835 486 906 ἕνεαντόν
502 836 656 923 ἄφθονα,
679 834 742 905 οὐκ
758 839 829 922 ἐμοὶ
845 838 969 924 μόνον,
985 836 1076 907 ’ἀλλά
1090 851 1141 908 67λ

115 935 381 1023 καδΤεάθραντι
391 937 447 1004 καί
460 933 643 1022 Ὁπλιστίηι,
659 934 699 1003 τά
711 935 772 1022 μὲν
783 934 866 1003 ἀλλα
878 942 909 1004 εί
917 939 972 1006 καί
983 961 1076 1021 φαυ-

114 1036 241 1119 λότερα
257 1043 327 1104 τάν
341 1035 536 1122 Ἀθήνησιν,
561 1033 670 1119 ὥσπερ
688 1039 799 1102 ἔλαιον
817 1036 978 1122 καδμίλι,
1002 1033 1071 1104 ἀλλ’

117 1138 203 1204 οἵων
212 1136 393 1218 παρόντων
403 1133 504 1203 οὐδὲν
515 1130 558 1201 ἀν
569 1140 637 1202 τάν
647 1137 779 1202 ἐκείθεν
789 1139 1002 1221 δεηθείημεν,
1022 1129 1072 1204 οἶὲ·

115 1235 183 1302 νόν
198 1258 238 1320 γε
253 1232 322 1320 μὴν
342 1235 397 1302 καὶ
415 1230 505 1302 πολὺ
519 1230 643 1319 ἀμείνω
664 1239 726 1302 τοῦ
745 1230 819 1317 παρ’
838 1229 934 1320 ὗμιν,
957 1237 1012 1302 καὶ
1035 1237 1070 1303 ἐκ

117 1339 299 1420 στροβίλου
310 1331 379 1418 άμα
390 1333 447 1400 καὶ
462 1329 616 1415 ἀλεύρων
625 1335 680 1400 καλ
691 1330 877 1417 ἀρωμάτων
892 1335 1074 1418 πεποιημέ-

81 1439 103 1494 3
118 1458 164 1498 να
175 1433 211 1498 ἀν
222 1431 339 1510 τύποις
348 1429 557 1517 τραγήματα,
575 1423 625 1497 εδν
635 1433 691 1498 καί
701 1431 860 1516 πέπομφά
872 1452 942 1499 σοι’
969 1429 1090 1498 ταῦτά·

119 1525 248 1615 θ’ἡμλν
258 1531 397 1617 ἔπεμψε,
420 1529 475 1595 καὶ
485 1535 603 1610 πυρῶν
614 1533 808 1614 μεδίμνους,
835 1526 1001 1614 ὅσοιςάγά
1014 1555 1074 1615 με-

120 1632 250 1713 δίμνοις
260 1627 321 1714 οὐχ
336 1627 426 1705 ὅπως
437 1625 597 1713 ἐμαυτὸν,
616 1625 765 1694 ἀλλὰκαὶ
776 1626 901 1706 πάντας
912 1631 1072 1697 Κοθωκί-

123 1731 184 1806 δας
200 1730 348 1810 διαρκεῖν
365 1720 409 1792 ἀν
428 1725 614 1818 ἐδυνάμην·
646 1726 701 1791 καὶ
718 1723 825 1792 πολλά
842 1725 878 1792 δὲ
896 1723 979 1792 ἀλλα
991 1723 1075 1808 πρὸς

121 1825 269 1910 τούτοις,
292 1823 467 1912 ἀγράφων
485 1822 698 1908 αἰσχύνομαι,
719 1825 776 1888 ’ίνα
796 1822 841 1906 μή
856 1848 933 1889 τινα
949 1826 1075 1909 δηλοῦν
1090 1839 1143 1898 673

122 1922 205 2009 ἐμὴν
223 1929 439 2009 μικρολογίαν
455 1921 550 2006 δόξω.
585 1919 621 1989 τὸ
640 1920 703 2006 μὲν
718 1915 792 2005 γάρ
806 1917 846 1984 τά
863 1917 964 2005 μικρά
982 1919 1074 1986 πάνυ

121 2020 412 2106 ἀπερασπάζεσθαι
421 2024 632 2108 μικρολογίας
649 2021 711 2103 μέν
727 2042 818 2095 τινος
829 2015 916 2084 εἷναί
924 2042 1007 2103 φημι
1019 2019 1073 2084 καὶ

122 2115 371 2204 ἀπειροκαλίας,
393 2117 697 2204 φιλοφρονημάπων
713 2116 749 2183 δὲ
763 2117 820 2182 καί
833 2122 963 2199 μικρῶν
982 2114 1073 2181 πάνυ

91 2229 109 2282 λ
123 2223 225 2302 ἔγωγε
241 2217 405 2303 ἡττᾶσθαι
423 2213 585 2302 ὁμολογῶ.
617 2215 749 2300 παρέχει
768 2215 805 2282 δὲ
821 2211 901 2300 ἡμῖν
920 2219 976 2282 καί
992 2213 1076 2282 ἀλλα

123 2322 262 2396 καλλίω,
285 2322 379 2382 σνῶν
395 2340 431 2381 τε
447 2312 573 2400 ἀγρίων
592 2315 648 2382 καὶ
660 2313 835 2396 δορκάδων
846 2320 914 2380 τῶν
925 2317 1075 2395 πέραθεν

123 2413 370 2498 ἀπολαάσματα.
383 2413 472 2481 ἔτιδὲ
482 2415 536 2481 καὶ
546 2409 647 2488 αὐτὸς
656 2408 896 2496 ἡμίνσάνεστιν
907 2407 1075 2496 ὁσημέραι,

126 2513 180 2580 καὶ
191 2513 389 2597 μεταδίδωσι
399 2514 457 2594 τῆς
467 2507 574 2578 αὑτοῦ
585 2515 720 2592 σοφίας,
742 2504 764 2594 ἢ
782 2509 955 2594 σοφωτέρα
965 2503 988 2593 ἥ
999 2505 1075 2576 καθ’

125 2609 208 2697 ἡμᾶς
219 2613 317 2676 ἐστιν.
353 2604 450 2693 ἀγάρ
461 2604 524 2692 ἐγώ
535 2607 659 2674 παθῶν
670 2604 866 2691 ἐδιδάχθην,
882 2613 986 2672 ταῦτα
997 2609 1076 2688 πρίν

128 2718 251 2778 παθείν
263 2707 477 2794 φυλάττεται,
500 2711 602 2794 σοφίᾳ
618 2706 673 2773 καί
689 2701 751 2790 οὐχ
768 2701 880 2789 ὥσπερ
891 2707 926 2771 οί
933 2702 1079 2790 ἄφρονες

96 2813 226 2896 σπείρᾳ
248 2804 500 2892 διδασκόμενος·
531 2800 656 2888 οὐγὰρ
678 2801 892 2870 πολιτεύεται.
926 2804 980 2870 καὶ
997 2797 1079 2870 ὅσον

126 2903 154 2992 γ’
170 2901 461 2987 ἐπὶ-Κλεοκράτει,
483 2899 640 2986 οὐδεμιᾶς
656 2900 782 2981 πόλεως
800 2899 901 2987 ἀλλης
919 2898 998 2968 οὐδὲ
1014 2898 1077 2966 ἀν-

126 3003 274 3091 θρώπων
286 3006 450 3088 ἐπνθνμοῖ,
458 2999 541 3070 ἀλλά
552 3003 608 3068 καί
622 3001 755 3086 σφόδρα
768 2997 928 3084 άσμενίζω
939 3005 980 3084 τῇ
990 3016 1077 3083 σνμ-

128 3105 216 3189 φορᾷ
223 3151 233 3186 ,
243 3102 299 3169 καὶ
310 3097 393 3186 ἀρχὴ
407 3104 500 3169 δοκεῖ
506 3125 561 3186 μοι
572 3107 633 3166 τοῦ
642 3103 719 3186 βίον
730 3096 750 3184 ἡ
763 3095 935 3182 ἀπαλλαγὴ
947 3103 1004 3184 τῆς
1015 3094 1077 3162 αά-

128 3197 203 3268 τόθι
213 3203 385 3278 πολιτείας.
411 3201 466 3266 καί
476 3195 566 3266 ὀὕτω
578 3196 638 3283 μὲν
649 3195 854 3281 ἀπεραγαπά
863 3193 904 3262 τά
915 3194 1077 3280 παρόντα,

129 3299 180 3366 καί
190 3295 273 3383 ὅπερ
284 3298 365 3381 φασλ
378 3298 556 3381 Σοφοκλέα
565 3294 629 3382 ἤδη
639 3297 780 3381 γέροντα
790 3293 875 3378 ὑπὲρ
883 3293 984 3379 ἀλλης
995 3290 1078 3378 ἡδο-

130 3404 186 3482 νῆς
196 3401 316 3482 εἰπεῖν,
339 3393 451 3481 ὥσπερ
462 3392 568 3473 κννός
583 3393 751 3480 λνττάσης
768 3391 980 3479 ἀπηλλάχθαι
996 3387 1075 3458 ποτὲ
1093 3400 1144 3457 ολλ

129 3501 181 3581 τῆς
200 3501 261 3563 τοῦ
277 3493 512 3562 πολιτεύεσθαι
527 3489 650 3578 ἡδονῆς
668 3494 771 3576 δοκεῖ,
794 3493 850 3558 καί
866 3489 947 3557 ὅταν
963 3485 1075 3566 ὁνοῦς
