2510 3948
228 277 290 342 164
582 281 837 340 ΑΙΣΧΙΝΟΤ
937 323 940 328 -

227 440 279 511 ότι
297 441 373 527 περὶ
389 445 458 506 τοῖν
474 435 694 524 ὑπαρχόντων
714 437 854 524 ἀγαθῶν
871 444 908 510 έν
933 438 1060 530 ἡμέρας
1076 454 1192 564 μικρβ

227 541 320 624 μέρει
332 541 591 623 διαγωνιεῖται,
588 539 649 606 καὶ
665 536 719 604 διά
735 546 840 606 ταῦτα
856 542 1069 626 βουλομένου
1086 543 1191 628 ποιή-

227 647 353 706 σασθαι
369 633 432 724 τήν
449 636 586 723 εἰρήνην
601 638 657 705 καί
683 643 858 724 πρεσβείας
875 635 1092 706 ἀποστέλλειν
1108 644 1192 727 μέλ-

227 743 354 821 λοντος,
368 734 423 803 καὶ
434 759 502 801 των
515 731 686 820 ἀρχόντων
698 740 765 802 τῶν
776 737 812 803 έν
823 735 948 822 Θήβαις
960 741 1191 824 φοβουμένων

226 831 288 903 τόν
300 833 435 902 ἐπιόντα
445 836 623 914 κίνδυνον,
635 831 784 910 εἰκότως·
806 829 849 900 οὑ
859 829 924 919 χάρ
935 833 1049 922 βήτωρ
1061 833 1190 921 ἀστρά-

228 958 341 1011 τευτος
352 934 408 1000 καὶ
418 928 526 999 λιπυ
535 929 597 1017 τήν
608 930 700 1011 τάξιν
711 927 836 1010 αὐτοὺς
846 935 1089 1020 ἐνουθέτησεν,
1119 925 1188 1002 ἀλλ’
1242 943 1243 992 3

229 1057 246 1099 ο
236 1027 412 1109 Φωκικός
421 1030 563 1116 πόλεμος
575 1026 730 1116 δεκαετὴς
739 1054 886 1115 χερουως
896 1025 1100 1117 ἀείμνηστον
1111 1057 1186 1099 παι·
1242 1023 1243 1082 3

161 1151 211 1204 538
228 1133 320 1197 δείαν
341 1126 465 1208 αὑτοὺς
485 1131 673 1214 ἐπαίδευσε,
696 1129 827 1197 τούτων
848 1130 885 1200 δέ
907 1131 1125 1216 έχόντων”
1078 1159 1186 1212 ουτως
1200 1141 1243 1209 [ις

228 1228 677 1315 αἰσθόμενοςΔημοσθένης,
700 1229 755 1296 καὶ
770 1228 849 1308 τοὺς
865 1228 1120 1316 Βοιωτάρχας“
1095 1255 1185 1300 υπο-
1242 1249 1243 1282 ³

228 1328 372 1406 πτεὺσας
382 1331 514 1448 μέλλειν
530 1326 666 1413 εἰρήνην
683 1330 731 1396 ἰδί
716 1335 750 1415 ία
768 1338 938 1397 ποιεῖσθαι
947 1331 1121 1417 χρυσίου
1093 1357 1184 1400 αυευ

227 1425 333 1495 αὑτοῦ
344 1451 435 1511 παρα
423 1423 615 1493 Φιλίππου
623 1425 803 1513 λαβόντας,
816 1425 988 1514 ἀβίωτον’
971 1428 1078 1515 ηγησα
1081 1455 1182 1515 μενος

227 1525 321 1609 εἰναι,
334 1534 367 1593 εἰ
373 1551 463 1604 τινος
473 1521 757 1612 ἀπολειφθήσεται
767 1530 986 1612 δωροδοκίας,
1004 1525 1180 1616 ἀναπηδή-

228 1643 288 1702 σας
298 1628 335 1692 έν
345 1632 386 1711 τῇ
396 1628 569 1713 ἐκκλησίᾳ,
582 1623 721 1703 οὐδενός
730 1622 924 1712 ἀνθρώπων
934 1629 1094 1712 λέγοντος
1105 1625 1177 1696 οὔθ’

227 1719 270 1801 ὡς
289 1727 342 1791 δεῖ
355 1733 524 1792 ποιεῖσθαι
539 1722 622 1811 πρὸς
639 1729 808 1792 Φίλιππον
824 1725 960 1812 εἰρήνην
979 1723 1057 1794 οὗθ’
1079 1724 1126 1806 ὡς
1140 1723 1178 1794 οὑ

226 1820 408 1910 δελ,ἀλλ’“
386 1851 453 1915 ως
441 1849 540 1911 ωετο
558 1848 657 1892 τουτο
669 1848 823 1910 κηρυγμα
834 1851 865 1892 τι
876 1837 944 1902 τοῖς
954 1824 1179 1912 Βοιωτάρχας

226 1874 1177 2043 προκηρύττωνάνάφέρειυαὑτωτάμέρητωνλημμάτων,

158 2041 209 2096 539
225 2023 393 2110 διώμνυτο
405 2021 468 2110 τήν
475 2021 636 2109 Ἀθηνᾶν,
647 2017 708 2108 ἣν,
720 2047 765 2100 ως
775 2025 877 2107 ἔοικε,
898 2026 1033 2102 Φειδίας
1043 2025 1178 2108 ένερχο
1193 2046 1236 2098 150

225 2129 339 2207 λαβεῖν
351 2122 526 2206 εἰργάσατο
538 2123 594 2189 καὶ
604 2123 808 2242 ένρπιορκελν
817 2113 1091 2208 Δημοσθένει,
1066 2148 1088 2207 η
1100 2121 1177 2242 μήν,

225 2229 257 2288 εἰ
270 2245 319 2299 τις
341 2218 471 2308 έρεῑ,’
447 2245 492 2298 ως
508 2217 569 2305 χρή
594 2216 679 2306 πρὸς
696 2225 863 2288 Φίλιππον
880 2219 1018 2306 εἰρήνην
1036 2221 1179 2307 ποιήσα-

222 2330 324 2406 σθαι,
346 2316 484 2399 ἀπάξειν
502 2323 548 2397 εἰς
563 2315 600 2386 τδ
613 2319 841 2406 δεσμωτήριον
852 2319 1094 2407 ἐπιλαβόμενος
1112 2329 1178 2388 τοῖν

224 2427 362 2507 τριχῶν,
384 2417 652 2506 ἀπομιμούμενος
672 2417 736 2507 τήν
746 2425 970 2504 Κλεοφῶντος
992 2426 1177 2506 πολιτείαν,

224 2515 261 2597 δς
272 2520 324 2587 ἐπὶ
334 2525 396 2586 τοῦ
406 2516 491 2605 πρός
501 2523 786 2606 Λακεδαιμονίους
797 2519 959 2604 πολέμου,
978 2513 1025 2596 ἀς
1036 2519 1175 2606 λέγεται,

223 2613 286 2704 τήν
296 2617 396 2686 πόλιν
409 2616 590 2687 ἀπώλεσεν.
620 2615 664 2698 ὡς
675 2616 708 2686 δ’
720 2616 762 2686 οὑ
774 2631 949 2704 προσεῖχον
966 2614 1106 2707 αὑτῷοί
1115 2619 1177 2703 ἀρ-
1242 2631 1243 2696 λ

222 2742 335 2802 χοντες
351 2720 388 2784 οί
401 2719 439 2784 έν
455 2731 525 2796 ταῖς
543 2718 684 2805 Θήβαις,
708 2714 792 2785 ἀλλά
809 2719 864 2786 καὶ
879 2715 959 2795 τοὺς
974 2717 1177 2800 στρατιώτας

221 2812 300 2892 τοὺς
311 2811 493 2902 ὑμετέρους
506 2817 607 2885 πάλιν
617 2814 825 2904 ἀνέστρεψαν
841 2814 1096 2901 ἐξεληλυθότας,
1119 2819 1177 2883 λνα

222 2912 455 3001 βουλεύσησθε
472 2919 617 3002 περὶτῆς
632 2915 781 3004 εἰρήνης,
799 2918 950 2984 ἐνταῦθα
963 2913 1177 2983 παντάπασιν
1191 2925 1231 2978 151

220 3018 355 3099 ἔκφρων
367 3014 512 3100 ἐγένετο,
534 3011 782 3103 καδπαρελθὺυ
792 3017 844 3083 έπί
861 3015 898 3082 τὸ
909 3021 1000 3102 βῆμα
1009 3014 1176 3097 προδότας

220 3118 290 3176 τῶν
303 3109 470 3198 Ἑλλήνων
486 3109 565 3192 τοὺς
575 3114 786 3200 Βοιωτάρχας
800 3113 1003 3199 ἀπεκάλεσε,
1024 3113 1077 3180 καλ
1090 3112 1174 3198 χρά-

220 3221 296 3288 ψειν
313 3214 377 3298 ἔφη
394 3211 548 3298 ψήφισμα
566 3209 663 3292 ὁτοτς
679 3219 847 3297 πολεμίοις
857 3208 1007 3280 οὐδέποτ’
1020 3209 1173 3297 ἀντιβλέ-
1242 3207 1243 3214 ¹

220 3325 285 3388 ρας
297 3311 438 3396 πέμπειν
449 3308 535 3396 ὑμᾶς
546 3312 699 3399 πρέσβεις
715 3317 761 3390 εἰς
773 3311 886 3398 Θήβας
896 3309 1092 3395 αἰτήσοντας
1103 3316 1171 3394 Θη-

220 3413 337 3490 βαίους
351 3413 465 3477 δίοδον
481 3411 532 3479 ἐπὶ
544 3416 718 3479 Φίλιππον.
753 3407 1073 3494 ὑπεραισχυνθέντες
1092 3407 1128 3476 δὲ
1138 3412 1173 3474 ολ

153 3513 204 3566 540
220 3507 257 3569 έν
268 3506 394 3588 Θήβαις
405 3505 571 3592 ἀρχοντες,
581 3501 626 3592 μή
636 3509 776 3608 δόξωσιν
788 3506 832 3586 ὡς
843 3506 980 3593 ἀληθεῖς
990 3504 1075 3574 εἰναι
1086 3529 1170 3590 προ-
