2442 3948
201 257 243 320 96
612 249 741 314 ιειιου
1062 232 1124 306 ‘om
1141 255 1165 306 τ.

204 423 313 516 δωρον
340 426 402 494 τοό
424 419 610 502 Εὐπόλιδος
636 425 724 504 υίίος
751 429 788 494 το
815 427 912 515 μέρος
939 433 1077 514 ελληφε·
1112 429 1166 496 καὶ

201 529 310 595 τάνδε
327 527 403 613 ἐξῆν
426 528 430 614 Ι
453 519 545 615 αὐτῷ
556 520 638 596 κατά
654 521 779 613 ταύτην
794 522 858 614 τῆν
865 528 1071 613 συγγένειαν
1089 535 1165 614 λαγ-

201 624 332 716 χάνειν,
357 622 427 696 ὄντι
449 626 597 717 προτίρφ
614 622 753 714 ταύτης,
778 636 870 716 ελπερ
887 623 927 695 τά
944 629 1165 717 πεπραγμένα

150 746 184 800 2ο
200 724 245 816 μῆ
263 734 386 819 κυρίως
405 733 492 815 ἔχειν
510 722 664 814 ἐνόμιζεν.
700 721 774 796 ἄλλ’
793 723 855 796 οὐκ
873 733 962 796 ἔστιν
980 723 1164 817 άναίσχνν

108 843 110 846 ’
200 857 265 909 τος.
300 823 421 918 μητρός
445 821 477 894 δ’
502 822 614 906 οὐδείς
633 828 722 897 ἐστιν
740 830 926 915 ἐκποίητος,
944 823 1018 897 ἀλλ’
1042 823 1165 918 ὁμοίως

201 924 341 1019 ὑπάρχει
362 923 423 1015 τῆν
440 921 548 1014 αότῆν
565 924 651 996 εἶναι
667 929 802 1018 μητέρα,
820 922 883 997 κάν
901 931 937 998 ἐν
953 930 1000 1020 τῷ
1017 928 1164 1022 πατρῴῳ

201 1031 284 1118 μένη
301 1056 350 1108 τις
366 1037 447 1150 ολκφ
464 1022 528 1098 κάν
545 1029 716 1150 ἐκποιηθῆ.
758 1025 810 1098 διδ
826 1031 893 1098 τόν
908 997 1164 1120 Ἀπολλοδώρου

201 1127 375 1252 χρημάτων
401 1124 463 1198 οὐκ
487 1124 697 1218 άπεστερῆθη
714 1155 774 1199 του
761 1131 929 1220 μέρους,
953 1125 1039 1199 άλλδι
1058 1158 1163 1219 μετει-

202 1227 301 1318 λῆφει
324 1227 362 1300 τό
384 1225 593 1351 ῆμικλῆριφν,
617 1225 698 1319 πρὸς
719 1226 845 1319 ταύτην
866 1226 1077 1320 νειμάμενος.
1112 1226 1164 1311 Ὡς

203 1327 235 1399 δ’
254 1327 366 1418 άληθῆ
382 1332 483 1418 λέγω,
502 1327 595 1398 κάλει
612 1357 667 1418 μοι
683 1328 811 1401 τούτων
828 1327 906 1411 τούς
923 1328 1109 1422 μάρτυρας.

579 1493 782 1546 ΜΑΡΤΤΡΕΣ.

150 1661 184 1713 26
279 1629 376 1702 Οὕτω
399 1634 460 1722 μὲν
482 1628 543 1722 οόχ
566 1637 601 1702 οί
614 1634 771 1722 γεννῆται
793 1633 896 1723 μόνον
922 1638 977 1705 καλ
995 1636 1160 1728 φράτορες

200 1731 356 1822 γεγόνασι
367 1731 532 1825 μάρτυρες
547 1737 605 1822 τῆς
619 1737 697 1823 ἐμῆς
714 1733 891 1824 ποιήσεως,
911 1732 993 1806 ἄλλά
1004 1741 1063 1808 καὶ
1076 1748 1159 1828 Θρα-

201 1832 365 1922 σύβουλος
391 1831 453 1906 οόκ
478 1831 607 1924 άμφισβ
629 1839 696 1907 τόν
722 1841 807 1930 ἔργφ
835 1835 1023 1924 δεδήλωκεν
1051 1837 1104 1910 ότι
1121 1834 1159 1906 τά

201 1938 415 2026 πεπραγμένα
434 1931 669 2029 Ἀπολλοδοόρφ
691 1944 814 2027 κυρίως
839 1943 927 2027 ἔχειν
948 1947 1076 2027 νομίζει
1106 1939 1158 2008 καλ

201 2033 283 2106 κατά
304 2033 382 2117 τούς
402 2035 541 2127 νόμους·
571 2033 612 2107 οὐ
634 2033 698 2127 γάρ
721 2033 763 2106 άν
785 2043 865 2108 ποτε
891 2036 1061 2111 τοσούτων
1084 2066 1157 2130 χρη·

201 2135 313 2224 μάτων
323 2133 387 2205 οόκ
400 2136 565 2226 ἐλάγχανε.
590 2135 745 2226 γεγόνασι
759 2137 795 2206 δὲ
806 2135 894 2228 ὅμως
905 2141 960 2208 καὶ
971 2135 1066 2210 ἄλλοι
1078 2137 1156 2231 μάρ-

150 2264 183 2321 27
199 2263 298 2327 τυρες
320 2233 441 2306 αὐτοῖν.
474 2239 554 2328 πρὶν
571 2233 633 2326 γάρ
652 2239 708 2326 ἐμὲ
726 2235 821 2325 ῆκειν
840 2242 875 2309 ἐκ
891 2243 950 2328 τῆς
966 2239 1154 2327 Πυθιάδος,

102 2407 104 2412 ,
201 2344 293 2424 ἔλεγε
315 2333 396 2427 πρὸς
420 2334 499 2418 τούς
522 2335 663 2427 δημότας
683 2334 930 2430 Ἀπολλόδωρος·
948 2336 998 2410 ότι
1022 2367 1155 2427 πεποιηῑ

199 2441 297 2528 με’νος
320 2448 371 2526 είη
393 2466 434 2528 με
456 2435 531 2508 υλόν
557 2440 613 2508 καὶ
640 2436 849 2528 ἐγγεγραφώς
876 2447 922 2521 είς
943 2437 1021 2522 τούς
1037 2464 1154 2531 συγγε-

199 2555 272 2620 νεῖς
288 2540 344 2609 καλ
361 2538 543 2631 φράτορας,
563 2541 618 2609 καλ
635 2537 861 2630 παρεδεδώκει
871 2539 933 2629 τῆν
951 2538 1083 2633 οὐσίαν,
1102 2541 1153 2612 καλ

202 2637 409 2712 διεκελεόεθ’
432 2638 521 2722 ὅπως
544 2636 602 2730 άν,
628 2651 662 2710 ελ
674 2670 706 2711 τι
723 2638 826 2712 πάθοι
843 2640 1019 2732 πρότερον,
1041 2638 1152 2733 ἐγγρά-

200 2750 293 2830 φωσί
311 2770 352 2833 με
375 2750 422 2824 είς
439 2740 478 2814 τό
493 2740 701 2833 ληξιαρχικόν
722 2759 943 2834 γραμματεῖον
961 2742 1152 2835 Θράσυλλον

150 2871 184 2923 28
198 2838 447 2964 Ἇπφλλοδτόρου
465 2846 520 2914 καί
537 2841 582 2932 μῆ
605 2839 650 2923 οἱς
675 2841 781 2924 ἄλλως
804 2841 973 2932 ποιήσωσι
1009 2841 1151 2916 κάκεῖνοι

200 2945 304 3011 ταῦτα
327 2938 544 3031 άκοόσαντες,
567 2941 695 3014 τούτων
720 2947 756 3014 ἐν
778 2938 1002 3034 ἀρχαιρεσίαις
1017 2969 1151 3067 κατηχο-

202 3068 370 3164 ρουντων
378 3044 433 3112 καί
451 3040 617 3131 λεγόντων
643 3071 688 3124 ως
713 3039 776 3113 οόκ
802 3043 975 3133 ἐποιῆσατό
999 3073 1041 3134 με
1065 3042 1148 3129 υλόν,

201 3145 257 3212 καλ
283 3131 370 3226 ἐξ
343 3171 391 3212 ων
415 3139 563 3231 ῆκουσαν
589 3145 645 3214 καλ
671 3134 758 3228 ἐξ
730 3173 778 3214 ων
803 3141 945 3235 ηδεσαν,
975 3142 1151 3236 ὀμόσαντες

201 3239 282 3316 καθ’
302 3246 402 3335 ίερων
420 3243 619 3367 ἐνέγραψάν
623 3273 679 3335 με,
698 3243 849 3336 καθάπερ
867 3250 990 3328 ὲκεινος
1009 3251 1147 3318 ἐκέλευε

37 3355 42 3366 ’
115 3337 120 3347 ’
200 3343 343 3433 τοσαότη
366 3343 562 3437 περιφάνεια
578 3349 635 3434 τῆς
654 3349 731 3436 ἐμῆς
748 3345 909 3433 ποιήσεως
927 3350 1056 3435 ἐγένετο
1072 3337 1147 3436 παρ’

201 3441 322 3527 αὐτοῖς.
360 3442 416 3529 Ὡς
440 3443 471 3516 δ’
495 3443 606 3536 άληθῆ
627 3449 729 3538 λέγω,
754 3444 845 3518 κάλει
861 3475 917 3537 μοι
933 3447 1061 3522 τούτων
1076 3442 1148 3525 τοῦς

200 3545 376 3640 μάρτυρας.
