2510 3948
332 297 464 354 ΚΑΤΑ
483 295 861 355 ΚΤΗΣΙΦΩΝΤΟΣ.
1015 297 1074 360 153

453 458 598 520 ΟΡΚΟΙ.
642 459 740 520 ΑΡΑ.

42 575 104 628 113
213 552 342 638 Ταάτης
351 558 410 637 τῆς
420 548 502 638 άράς
519 553 574 618 καὶ
584 559 653 618 τεόν
663 549 776 633 ὅρκων
786 554 840 620 καλ
851 560 909 638 τῆς
919 559 1073 638 μαντείας

122 653 321 738 γενομένης,
344 647 645 736 ἀναγεγραμμένων
662 653 707 716 ἔτι
724 653 779 717 καλ
796 659 877 736 νῦν,
901 654 1074 737 οί·Λοκρολ
1088 669 1142 724 504

123 754 157 816 ολ
170 747 372 834 Ἀμφισσεῖς,
385 755 513 834 μᾶλλον
531 746 567 813 δέ
578 750 612 812 ολ
625 746 863 832 προεστηκότες
873 745 996 833 αὐτῶν,
1010 750 1072 817 άν-

123 853 199 931 δρες
209 846 493 932 παρανομώτατοι,
503 845 733 930 ἐνειργάζοντο
744 844 781 913 τδ
794 851 925 932 πεδίον,
947 849 1073 918 καὶτὸν

124 951 240 1032 λιμένα
257 944 317 1012 τόν
339 944 510 1030 ἑξάγωνον
526 947 582 1011 καὶ
604 944 893 1029 ἐπάρατον,πάλιν
914 948 1074 1032 ἐτείχισαν

123 1049 180 1113 καὶ
202 1044 412 1134 συνῴκισαν,
452 1046 508 1112 καλ
528 1047 602 1130 τέλη
629 1044 708 1124 τοδς
733 1049 977 1128 καταπλέοντας
1006 1051 1073 1128 ἐξέ-

124 1153 235 1230 λεγον,
265 1146 408 1212 καὶτῶν
430 1140 688 1228 ἀφικνουμένων
712 1150 758 1223 είς
778 1143 937 1230 Δελφοὺς
963 1155 1071 1214 πυλα-

122 1244 236 1329 γόρων
253 1246 362 1322 ἐνίους
377 1242 520 1328 χρήμασι
538 1244 749 1329 διέφθειραν,
773 1235 822 1310 άν
838 1239 884 1322 εἷς
901 1235 944 1329 ἦν
955 1253 1072 1330 Δημο-

47 1361 105 1415 114
122 1344 254 1427 σδένης.
283 1342 526 1426 χειροτονηθεὶς
534 1339 601 1426 γάρ
612 1337 668 1426 ὑφ’
681 1338 778 1428 ὑμῶν
786 1342 977 1428 πυλαγόρας
988 1350 1073 1428 λαμ-

123 1439 219 1526 βάνει
236 1443 395 1526 δισχιλίας
413 1437 559 1525 δραχμάς
575 1437 664 1523 παρά
682 1447 751 1508 τῶν
762 1437 971 1526 Ἀμφισσέων
988 1436 1071 1524 ὑπὲρ

123 1545 186 1604 τοῦ
205 1543 367 1624 μηδεμίαν
386 1544 505 1621 μνείαν
525 1538 599 1619 περὶ
622 1535 734 1606 αὐτῶν
751 1543 788 1606 ἐν
809 1535 1074 1624 τοῑςἏφικτάοσι
1090 1556 1140 1611 505

123 1637 336 1720 ποιήσασθαι.
369 1634 602 1718 διωμολογήθη
615 1631 644 1699 δ’
660 1632 748 1719 αὐτῷ
761 1638 815 1704 καί
827 1641 873 1714 είς
883 1635 943 1702 τόν
952 1633 1073 1704 λοιπόν

120 1733 246 1819 χρόνον
265 1730 556 1816 άποσταλήσεσθαι
564 1728 722 1816 Ἀθήναζε
743 1739 804 1799 τοῦ
820 1738 977 1802 ἐνιαυτοῦ
994 1735 1072 1803 έκά-

120 1849 205 1895 στου
216 1833 301 1912 μνάς
312 1834 415 1893 είκοσι
425 1832 493 1894 τῶν
505 1831 681 1911 ἐξαγίστων
695 1829 751 1895 καί
762 1830 934 1911 ἐπαράτων
944 1831 1069 1916 χρημά-

119 1950 207 2006 των,
230 1921 279 2010 ἐφ’
292 1913 353 2014 ᾦτε
374 1924 558 2011 βοηθήσειν
581 1937 649 2002 τοϊς
661 1920 899 2010 Ἀμφισσεῦσιν
911 1922 1073 2012 Ἀθήνησι

121 2022 206 2090 κατά
224 2021 333 2090 πάντα
350 2022 492 2108 τρόπον·
527 2020 612 2089 ὅθεν
628 2029 758 2108 μάλλον
773 2017 796 2109 ἢ
812 2020 976 2108 πρότερον
987 2043 1073 2109 συμ-

122 2121 265 2208 βέβηκεν
275 2117 367 2210 αότῷ
373 2171 383 2205 ,
402 2118 483 2189 ότου
494 2115 540 2188 άν
550 2121 760 2207 προσάψηται
772 2117 894 2203 άνδρός
905 2117 1071 2210 ίδιάτουῆ

124 2218 290 2286 δυνάστου
311 2213 473 2304 ἦπόλεις
490 2223 814 2306 δημοκρατουμένης,
837 2219 966 2289 τούτων
993 2222 1072 2290 ἑκά-

50 2335 103 2388 115
123 2337 220 2394 στους
234 2313 382 2396 άνιάτοις
396 2332 510 2397 κακοῖς
526 2319 745 2406 περιβάλλειν.
778 2320 947 2396 σκέψασθε
959 2316 999 2403 δὴ
1011 2318 1072 2386 τὸν

2 2412 3 2415 “
125 2419 264 2502 δαίμονα
275 2413 403 2502 καλιὴν
413 2416 534 2502 τύχην,
561 2412 605 2494 οδς
623 2419 828 2500 περιεγένετο
840 2421 897 2498 τῆς
908 2419 977 2479 τῶν
993 2413 1068 2498 Ἀμ-

3 2509 4 2512 “
123 2515 270 2597 φισσέων
281 2509 439 2600 άσεβείας.
463 2514 515 2579 ἐπὶ
524 2507 589 2595 γάρ
601 2511 821 2595 Θεοφράστου
833 2507 1007 2594 άρχοντος,
1024 2513 1073 2577 ίε-
1088 2524 1138 2580 505

122 2609 333 2696 ρομνήμονος
344 2608 440 2687 ὄντος
450 2607 640 2693 Διογνήτου
649 2604 905 2689 Ἀναφλυστίου,
923 2609 1071 2690 πυλαγό-

122 2735 204 2795 ρους
213 2707 307 2795 ὑμεῖς
324 2713 454 2778 εἵλεσθε
464 2711 610 2776 Μειδίαν
620 2731 654 2772 τε
671 2707 799 2772 ἐκεῖνον
816 2698 875 2770 τδν
885 2699 1068 2787 Ἀναγυρά-

121 2828 212 2891 τιον,
236 2802 277 2874 δν
288 2807 475 2893 ἐβουλόμην
486 2800 529 2872 άν
540 2809 674 2872 πολλῶν
691 2803 805 2869 ἕνεκεν
816 2804 891 2886 ζῆν,
912 2801 966 2868 καὶ
979 2808 1071 2884 Θρα-

119 2906 243 2972 συκλέα
260 2904 320 2973 τόν
336 2907 496 2989 Λίκκιον,
518 2902 573 2970 καὶ
589 2907 700 2984 τρίτον
717 2900 753 2966 δὲ
765 2896 844 2985 μετά
862 2897 992 2967 τούτων
1001 2901 1067 2985 ἐμέ.
1084 2907 1137 2967 507
1215 2961 1218 2970 ,

120 3004 245 3087 συνέβη
258 2997 289 3067 δ’
302 2996 380 3088 ἡμῖν
390 3000 509 3088 άρτίως
518 2997 578 3085 μέν
590 3003 636 3077 είς
646 2995 804 3082 Δελφοὺς
822 2992 979 3081 ἀφῖχθαι,
1003 3017 1069 3060 πα-

120 3107 271 3185 ραχρῆμα
284 3097 320 3168 δέ
330 3097 390 3167 τὸν
400 3095 819 3185 ίερομνήμοναΔιόγνητον
829 3093 1014 3174 πυρέττειν·
1029 3093 1066 3158 τδ

120 3193 153 3262 δ’
166 3193 247 3264 αὐτὸ
261 3203 359 3263 τοῦτο
371 3193 617 3264 συνεπεπτώκει
627 3192 682 3259 καὶ
693 3197 739 3280 τῷ
751 3191 884 3276 Μειδίᾳ.
915 3191 950 3254 οί
964 3185 995 3255 δ’
1008 3189 1069 3255 άλ-

53 3303 104 3358 115
120 3299 173 3360 λοι
190 3291 423 3377 συνεκάθηντο
441 3287 685 3376 Ἀμφικτύονες.
720 3287 928 3371 ἐξηγγέλλετο
948 3281 979 3349 δ’
989 3281 1068 3369 ἡμῖν

120 3387 209 3474 παρά
222 3398 290 3458 τάν
300 3393 514 3477 βουλομένων
525 3385 660 3454 εὔνοιαν
671 3387 903 3451 ἐνδείκνυσθαι
914 3389 954 3469 τῇ
964 3381 1068 3468 πόλει,

121 3485 170 3553 ὅτι
189 3491 223 3554 οἱ
236 3485 422 3575 Ἀμφισσεῖς
437 3479 709 3558 ὑποπεπτωκότες
720 3479 793 3546 τότε
811 3481 864 3544 καὶ
882 3481 1067 3557 δειυωςθε-
