2450 3950
30 198 60 247 p.
77 178 119 229 εο.
255 175 593 232 οεοιοονιναιον
610 177 773 230 umor.
835 147 839 156 ⁴
924 186 986 248 147

31 352 142 434 δείξω.
177 350 308 469 πρρῖτον
330 347 392 437 μὲν
408 338 470 419 οὖν
486 344 526 418 τὰ
542 351 599 436 τῆς
616 345 731 469 ρῦσίας
745 353 888 440 διέξειμι,
907 350 987 440 μετὰ

32 452 70 521 δὲ
88 452 192 519 ταντα
210 443 254 530 οἱς
271 451 327 518 καὶ
345 453 483 519 διοικεῖν
499 444 630 532 ἀξιοῖ
594 477 634 518 τα
650 477 709 520 τον
697 449 852 532 παιδός.

108 558 314 672 Στρατοκλεῖ
327 545 391 641 γαρ
402 545 499 638 κάμοί
516 577 556 618 τα
544 546 633 638 μὲν
644 543 835 639 ὑπάρξαντα
851 557 986 646 πατρῷα

29 655 178 720 τοσαῦτα
202 641 261 738 ήν,
288 645 372 718 ωστε
398 649 562 738 είναιμὲν
589 647 702 738 ίκανιί,
729 659 932 741 λειτουργεῖν
951 655 987 724 δὲ

29 780 76 839 μη
65 748 179 834 ἄξια.
214 747 388 840 τεκμήριον
415 752 467 819 δέ·
487 759 591 820 εῖκοσι
616 753 699 839 μναῖς
718 750 869 842 ἑκάτερος
894 745 988 840 ήμοῖν

30 854 149 920 ἐπὶ
104 879 147 942 τῃ
164 852 297 939 γνναικὶ
320 867 452 941 προῖκα
458 857 571 939 ἔλαβε,
594 848 737 939 τοσαύτη
760 853 798 922 δὲ
815 849 966 942 προίξ’
926 880 989 922 ονκ

28 947 74 1022 ἂν
94 959 142 1033 είς
159 949 284 1040 πολλήν
301 979 375 1021 τινα
391 946 510 1021 οὐσίαν
529 956 653 1039 δοθείη.
684 953 864 1041 σννέβήδδ
881 963 988 1042 Στρα-
1004 969 1038 1020 41

28 1062 146 1122 τοκλεῖ
160 1050 245 1148 πρδς
258 1068 326 1132 τοῖς
342 1045 528 1141 δπάρχονσι
545 1046 679 1140 πλέονή
696 1049 795 1122 πένθ’
813 1047 988 1142 ήμιταλαν·

29 1181 102 1222 των
118 1148 237 1230 οὐσίαν
253 1159 382 1240 λαβεῖν
407 1153 547 1241 Θεοφων
569 1149 632 1242 γὰρ
648 1147 666 1222 5
683 1155 741 1241 τής
757 1151 912 1241 γνναικδς
930 1153 988 1226 αὖ·

31 1281 94 1322 τον
82 1249 253 1342 ’ἀδελφὸς
276 1249 499 1376 ἀποθνήσκων
521 1251 694 1341 ἐποιήσατο
710 1255 778 1323 τῶν
794 1258 990 1345 θυγατέρων

31 1350 142 1424 αὐτον
168 1361 265 1460 μίαν,Ι
292 1355 348 1424 καί
376 1351 435 1423 τόν
461 1350 499 1424 θ’
527 1349 632 1423 αὑτοῦ
660 1350 826 1424 έδωκεν’
807 1352 910 1444 αγρδν
931 1353 990 1426 τὸν

25 1452 192 1536 Ἐλευσῖνι
210 1450 307 1524 δνοῖν
323 1452 513 1542 ταλάντοιν,
540 1453 687 1544 πρόβατα
705 1453 876 1545 ἑξήκοντα,
896 1453 990 1544 αίγας

32 1553 171 1643 ἑκατόν,
190 1561 326 1643 ἔπιπλα,
349 1558 453 1624 ἵππον
469 1552 620 1677 λριμπρδν
638 1552 691 1644 ἐφ’
710 1584 751 1626 ον
736 1547 988 1647 ’έφνλοίρχησα

30 1651 145 1725 καὶ
107 1684 170 1744 την
194 1652 297 1743 ἄλλην
314 1652 521 1742 κατασκευήν
538 1650 686 1744 ἅπασαν,
711 1646 752 1744 ής
777 1655 890 1747 κύριος
909 1661 988 1728 ἐκεῖ·
1006 1667 1041 1718 42

30 1786 89 1838 νος
107 1753 284 1880 γενόμενος
311 1757 407 1826 ἐννέα
433 1762 488 1842 ἔτη
505 1752 566 1824 ὅλα
582 1759 734 1825 κατέλιπε
759 1759 857 1826 πέντε
873 1758 989 1829 ταλάν-

32 1887 101 1928 των
119 1852 236 1926 οὐσίαν
253 1857 308 1925 καὶ
324 1862 514 1944 τρισχιλίων
533 1859 687 1944 δραχμων
703 1853 767 1926 σδν
783 1873 851 1937 τοῖς
870 1860 993 1927 ἑαυτοῦ

33 1955 213 2050 πατρῴοις,
239 1959 339 2046 χωρὶς
358 1945 523 2043 ἐκείνης
500 1985 539 2044 ης
558 1959 697 2044 Θεοφων
714 1984 754 2077 τμ
742 1954 975 2046 θνγατρὶ’
933 1985 990 2026 αν-

33 2088 92 2128 τον
79 2053 289 2146 έδωκεν,’
270 2053 373 2147 αγρδν
390 2057 451 2145 μὲν
469 2059 587 2146 Θριᾶσι
606 2053 706 2127 πένθ’
724 2052 973 2146 ἡμιτάλαντα
938 2085 988 2127 εν-

34 2167 207 2247 ρίσκοντα,
230 2161 340 2227 οἰκίαν
364 2158 401 2226 δὲ
423 2165 553 2246 Μελίτῃ
576 2165 764 2247 τρισχιλίων
788 2161 989 2250 ἐωνημένον,

33 2257 138 2347 ἄλλην
158 2259 195 2328 δὲ
209 2253 372 2330 Ἐλενσῖνι
393 2265 627 2328 πεντακοσίων.
673 2257 858 2349 ἐδάφημὲν
874 2263 989 2349 ταῦτα,

34 2357 94 2448 ἀφ’
124 2389 173 2430 nv
198 2354 219 2446 5
241 2365 407 2448 ’μίσθωσις
431 2361 492 2428 τοῦ
515 2359 577 2448 μὲν
602 2355 709 2449 ἆγροιῖ
742 2358 871 2430 δώδεκα
897 2377 989 2449 μναῖ,

34 2464 100 2531 τιδν
125 2461 162 2530 δὲ
188 2459 302 2530 οίκιων
326 2475 432 2548 τρεῖς,
459 2465 495 2528 αἳ
519 2465 753 2529 πεντεκαίδεκα
770 2476 853 2550 μναῖ
867 2479 991 2582 σρναμ·

34 2561 158 2650 φότερα
188 2568 373 2647 γίγνονται·
404 2561 483 2682 χρέα
515 2555 547 2628 δ’
576 2557 690 2627 έπὶ’
653 2587 760 2640 τοκοις
790 2556 992 2647 ὀφειλόμενα

35 2665 109 2752 περὶ
130 2667 407 2750 τετρακισχιλίας,
433 2648 480 2728 οἷν
502 2653 538 2730 τό
562 2665 659 2747 ἔργον
677 2655 730 2726 ἐπ’
749 2660 845 2728 έννέα
861 2654 991 2746 ὀβολοῖς

36 2759 225 2831 επτακόσιαι
250 2762 304 2829 καὶ
333 2769 435 2828 εἴκοσι
454 2759 594 2848 δραχμαὶ
619 2765 789 2846 γίγνονται
805 2761 867 2828 τολῖ
883 2762 990 2828 ένιαν-

35 2865 93 2931 τοῦ
112 2859 261 2932 εκάστον
291 2859 453 2950 πρόσοδος
466 2854 588 2947 μδν”
544 2886 628 2946 αντη
646 2857 707 2928 δύο
723 2862 779 2930 καί
792 2870 894 2931 είκοσι
912 2877 994 2950 μναῖ
1007 2870 1041 2922 43

37 2965 87 3031 καὶ
105 2960 204 3052 πρός
231 2963 377 3050 χωρίςδ
358 2956 549 3030 δὲτούτων
564 2961 736 3031 κατέλιπεν
762 2967 893 3051 ἔπιπλα,
912 2961 990 3053 πρό·

38 3070 136 3151 βατα,
155 3059 327 3152 κριθας,ο
309 3057 447 3149 οίνον,’
431 3059 579 3152 οπωρας,
605 3051 703 3144 έξοδν
722 3062 924 3151 ένεπόλησαν
940 3091 990 3132 τε·

37 3169 256 3252 τρααισχιλίας
290 3165 495 3242 έννακοσίας·
529 3167 575 3230 ἔτι
609 3163 646 3230 δὲ
672 3167 770 3233 ἔνδον
797 3167 990 3242 ἐννακοσίας

40 3260 191 3354 δραχμάς.
235 3260 315 3352 πρὸς
343 3262 380 3331 δὲ
396 3260 523 3342 τούτοις
542 3264 573 3343 ἐξ
592 3261 719 3351 ἐράνων
735 3259 908 3352 ὀφλήματα
926 3269 990 3331 είσ-

40 3365 266 3455 πεπραγμένα,
297 3366 418 3451 μικροῦ
443 3361 582 3441 δεούσας
604 3370 708 3451 χιλίας
732 3357 893 3453 δραχμάς,
911 3391 991 3452 μαρ-

40 3463 146 3556 τύρων
166 3467 317 3534 ἐναντίον
334 3459 354 3550 5
372 3461 477 3554 μήτηρ
489 3461 609 3550 αὐτον,
627 3466 687 3533 τοῦ
705 3460 833 3552 παιδός,
851 3457 991 3556 ἄπεγριὶ·
1014 3497 1016 3505 ‚

778 3576 839 3636 10*
