2486 3948
422 267 713 328 ΕΠΙΣΤΟΛΑΙ.
982 269 1042 334 201

96 424 202 512 ταάτη
223 430 264 509 τῇ
287 421 381 490 πόλει
397 427 557 512 Αἰσχίνην
578 423 637 492 τὸν
657 423 856 513 Ἀτρομήτου
877 429 1043 515 φεύγοντα

96 522 296 608 ἀγανακτεῖν
308 531 439 590 οἴεσθαι
452 527 537 610 δεῖν,
559 534 593 592 εῖ
600 550 631 592 τι
641 531 709 594 τολν
721 528 892 598 εἰωθότων
900 525 1044 618 Ἀθήνη·
1060 536 1109 595 667

59 649 80 702 3
98 637 154 688 σιν
164 624 302 688 ἔπαθεν.
336 617 404 688 ἀλλ’
416 624 518 706 ἔγωγε
535 625 589 689 καὶ
606 623 759 708 λαμπρὸν
772 623 907 705 εἰκότως
919 653 974 712 μοι
985 653 1045 696 νο-

94 714 218 803 μίσαιμ
232 711 276 784 ἀν
295 714 376 786 αάτό
394 721 567 804 γενέσθαι,
587 716 624 786 τό
644 717 709 804 μετ’
722 723 860 788 ἐκείνων
877 725 913 790 ἐν
930 721 1045 812 ἀδοξίᾳ

95 811 186 900 παρά
203 826 271 894 τοῖς
289 820 398 882 ἔπειτα
416 813 612 902 άνδρςόποις
628 819 683 885 καὶ
699 815 789 897 ἄξιος
799 827 859 888 τοῦ
872 817 970 906 ὅμοια
981 847 1046 886 πα·

94 923 171 980 δεῖν
182 914 319 992 ἐκείνοις
329 919 509 997 γεγονέναι.

554 1063 583 1121 4.

176 1195 261 1266 Ἐπεὶ
283 1201 377 1266 δοκεῖ
394 1219 451 1266 σοι
463 1201 700 1267 πυνθάνεσθαι
717 1202 791 1284 περὶ
803 1201 1044 1287 Κλεοκράτους,

93 1293 184 1375 ὅστις
194 1297 282 1364 ἐστὶν
293 1292 311 1364 6
322 1297 547 1384 Κλεοκράτης,
561 1297 677 1366 ἀκουε·
699 1299 811 1387 παύσῃ
821 1296 885 1383 γάρ
898 1295 939 1364 οὐ
948 1311 1045 1380 προῖ-
1067 1345 1071 1354 ·

94 1419 137 1458 κα
156 1401 462 1479 πολυπραγμονεῖν,
485 1391 558 1462 οὐδ’
574 1393 650 1461 άπει
669 1396 748 1481 πρὶν
764 1401 891 1480 μακρᾶς
904 1391 1045 1460 ἀκοῦσαι

95 1490 285 1578 διηγήσεως.
317 1488 354 1559 τδ
373 1489 515 1578 μὲνγὰρ
533 1495 628 1576 γένος
639 1493 728 1560 ἐστὶν
741 1488 899 1558 ἁπάντων
910 1489 1044 1576 ἀνδρῶν

90 1579 257 1676 Ἑλλήνων
268 1587 330 1657 οὐκ
343 1593 379 1656 ἐν
390 1587 646 1674 ἀφανεστάτοις,
663 1586 842 1676 Ἀρίφρονα
852 1584 912 1654 τὸν
923 1589 959 1654 ἐκ
969 1594 1043 1653 Δα-

93 1685 244 1776 μαγήτου
255 1695 287 1754 ελ
294 1707 360 1754 που
371 1685 561 1754 πυνθάνοιο
568 1735 578 1770 ,
604 1681 645 1751 ὃν
655 1687 710 1752 καὶ
722 1682 739 1752 ὁ
750 1687 851 1770 μέγας
863 1692 948 1767 αῖρει
957 1689 1043 1753 Πίν-
1059 1692 1111 1748 666

93 1787 202 1868 δαρος.
225 1781 293 1852 ἀλλ*
306 1781 395 1864 ὅπως
408 1782 452 1870 μὴ
464 1785 589 1869 γε’λωτα
603 1778 808 1868 ὀφλισκάνης
818 1786 939 1866 ζητεῖν,
953 1777 1043 1856 ὅστις

58 1909 77 1958 ‘2
95 1881 186 1948 ἐστὶν
203 1877 219 1950 6
234 1885 408 1967 Πίνδαρος.
442 1881 533 1948 τουτὶ
547 1877 608 1965 μὲν
624 1875 688 1962 γάρ
708 1876 797 1962 οἶμαι
813 1874 864 1942 ὅτι
880 1878 935 1943 καὶ
952 1873 1043 1963 παρά

96 1984 233 2064 Μαντία
253 1984 298 2068 τῷ
322 1984 550 2064 γραμματιστῇ
572 1975 639 2062 ἅμα
666 1979 739 2062 ἐμοί
759 1998 838 2041 ποτε
862 1979 984 2059 ἔμαθες
1004 1975 1040 2041 τδ

79 2073 245 2160 γράμμα·
264 2077 360 2146 καλεῖ
373 2073 514 2162 μηδενδς
525 2081 571 2143 ἔτι
588 2082 655 2142 τοῖν
666 2072 754 2157 παρά
769 2080 904 2162 Μαντίη
915 2096 1043 2159 μνημο-

84 2172 220 2259 νεύεις,
238 2176 274 2241 ἐν
285 2183 369 2259 γοῦν
388 2189 457 2254 ταῖς
467 2177 652 2262 ἐκκλησίαις
663 2173 878 2242 Μελανάπου
890 2171 1042 2242 ἑκάστοτε

94 2269 229 2351 ἀκούεις
239 2277 392 2358 λέγοντος
403 2267 454 2361 ,μά
465 2277 517 2342 ταὶ
529 2274 725 2357 λιπαραὶκαλ
738 2271 881 2358 ἀοίδιμοι
889 2269 1042 2348 Ἑλλάδος

60 2391 77 2446 3
94 2367 214 2456 ἔρεισμ’
227 2368 399 2456 Ἀθάναι,“
411 2374 466 2440 καὶ
478 2369 776 2456 ὅτιΠινδάρουτοῦ
782 2376 932 2456 Θηβαίου
942 2375 1041 2435 τοῦτο
1058 2373 1111 2430 669

91 2467 129 2536 τδ
140 2473 217 2548 ἔπος
224 2472 301 2556 ἐστὶ,
310 2473 472 2557 λέγοντος,
480 2472 534 2538 καὶ
546 2469 595 2538 ὅτι
607 2472 788 2554 ἐζημίωσαν
795 2463 899 2533 αὐτὸν
905 2471 1042 2551 Θηβαῖοι

92 2575 194 2637 τοῦτο
208 2571 391 2657 ποιήσαντα
403 2571 439 2639 τὸ
451 2577 548 2657 ἔπος,
566 2573 600 2638 οἱ
609 2569 644 2637 δὲ
655 2566 806 2655 ἡμέτεροι
818 2564 980 2650 πρόγονοι
992 2567 1043 2630 δι-

91 2675 182 2754 πλῆν
193 2665 355 2756 αὐτῷτὴν
366 2669 660 2757 ζημίανάπέδοσαν
680 2663 762 2753 μετὰ
787 2673 849 2733 τοῦ
866 2666 921 2732 καὶ
938 2665 1043 2731 εἰκόνι

93 2778 200 2856 χαλκῇ
210 2779 358 2857 τιμῆσαι·
386 2773 441 2838 καὶ
451 2763 497 2858 ἦν
507 2768 590 2856 αὕτη
601 2769 657 2836 καλ
668 2774 714 2846 εἰς
725 2763 810 2853 ἡμᾶς
821 2769 884 2848 ἔτι,
907 2761 1042 2850 πρὸτῆς

93 2873 264 2953 βασιλείου
274 2876 380 2950 στοάς,
393 2868 583 2955 καθήμενος
594 2865 751 2951 ἐνδύματι
763 2865 818 2933 καὶ
829 2863 916 2951 λύρᾳ
928 2859 945 2930 6
956 2867 1042 2929 Πίν-

92 2970 211 3050 δαρος,
230 2967 372 3052 διάδημα
389 2971 471 3051 ἔχων
482 2968 537 3034 καὶ
553 2968 604 3034 ἐπὶ
615 2973 682 3033 τάν
692 2964 845 3051 γονάτων
856 2958 1041 3045 ἀνειλιγμέ-

56 3076 155 3131 ῖνον
171 3069 311 3149 βιβλίου.
346 3055 445 3144 οὗτος
464 3063 503 3150 δὴ
522 3061 539 3130 ὁ
557 3066 724 3148 Πίνδαρος
745 3061 946 3147 Δαμάγητον
969 3056 1044 3145 ᾄδει

94 3162 239 3246 ἐκεῖνον,
252 3166 298 3240 εἰς
310 3158 349 3229 ὃν
361 3160 523 3230 ἀνατείνει
534 3160 570 3230 τὸ
582 3161 813 3245 Κλεοκράτους
824 3159 927 3243 γένος.
957 3160 1043 3241 λέγει

92 3262 132 3326 δέ
141 3281 207 3325 που
220 3255 236 3324 ὁ
250 3257 351 3338 αὐτὸς
361 3263 530 3344 Πίνδαρος
539 3261 593 3327 καὶ
604 3258 643 3325 τά
656 3258 731 3341 περὶ
741 3254 1042 3339 τοδςΔιαγορείους

91 3357 147 3424 καὶ
159 3354 199 3423 τά
210 3359 285 3442 περὶ
297 3357 358 3444 την
375 3363 572 3446 πρεσβῦτιν,
593 3347 634 3442 ἧς
651 3353 687 3422 τὸ
705 3349 976 3444 μητρῷυναύτοῠ
986 3353 1043 3434 γέ-

91 3480 150 3532 νος
160 3451 304 3522 ἀπτεται.
339 3457 394 3523 καὶ
412 3461 443 3523 εἰ
457 3453 501 3542 μὴ
521 3454 653 3541 σφόδρα
670 3449 764 3542 ᾔδειν
780 3455 926 3536 ποιητῶν
937 3444 1043 3527 ὑπέρ-
