2442 3948
152 233 192 297 78
561 229 695 282 ΙΣΑΙΟΤ
1016 231 1068 282 On.
1087 229 1113 284 ὅ.

151 429 219 470 των
243 407 323 488 μίαν
347 399 502 488 ἐκτήσατο
520 391 545 492 ή
561 399 665 491 ὄνομα
682 392 725 490 ήν
740 399 855 490 Ἀλκή,
883 398 925 490 ήν
942 403 999 472 καὶ
1016 396 1114 490 ὑμῶν

151 501 241 590 οἶμαι
267 498 407 582 πολλοὺς
435 505 567 573 εἰδέναι.
612 499 695 590 αὕτη
723 499 800 574 δὲ’
781 532 802 591 η
824 499 920 591 Ἀλκή
940 499 1113 589 ωνηθείσα

151 598 255 672 πολλά
281 604 342 690 μὲν
368 608 425 725 ἐτη
455 607 603 691 καθῆστο
627 606 719 673 ἐνί
686 603 854 694 οἰκήματι,
882 601 946 693 ήδη
972 604 1010 673 δέ
1033 629 1111 694 πρε-

99 720 132 770 20
150 706 294 793 σβυτέρα
304 693 389 773 οὖσα
406 699 470 774 άπο
459 700 549 792 μὲν
565 731 625 773 του
614 701 1008 793 οἰκήματοςάνίσταται,
1027 709 1111 772 διαι-

148 806 279 925 τοηιένη
311 805 349 874 δὲ
380 800 466 893 αὐτή
492 808 528 874 ἐν
553 808 594 894 τή
619 812 771 897 συνοικίᾳ
797 809 905 893 συνήν
930 802 1111 895 ἄνθρωπος

148 899 386 994 ἀπελεύθερος,
413 901 545 975 Δίαυ”
526 933 629 994 ονομα
653 902 760 999 αὐτῷ,
788 910 821 990 ἐξ
847 935 888 976 ου
877 896 971 1027 ἔφη
997 909 1110 993 ἐκείνη

147 1002 285 1085 τούτους
309 1009 497 1093 γεγονέναι
524 1007 579 1074 καί
605 1012 750 1097 ἔθρεψεν
776 1002 897 1087 αὐτοὺς
913 1034 931 1075 ο
920 1000 1087 1076 τεΔίαν
1064 1034 1110 1086 ως

148 1101 245 1184 ὄντας
264 1107 393 1176 ἑαυτοῦ.
429 1104 538 1199 χρόνῳ
558 1107 595 1174 δὲ
611 1102 784 1198 ὕστερον’
768 1137 786 1178 ο
804 1138 827 1197 μ
829 1108 973 1178 ὲνΔίων
991 1114 1110 1196 ζημίαν

149 1209 361 1295 εἰργασμένος
379 1209 435 1277 καί
454 1213 565 1288 δείσας
590 1201 676 1298 ὑπὲρ
702 1203 808 1279 αὑτοῦ
825 1203 1041 1297 ὑπεχώρησεν
1060 1213 1108 1288 εἰς

147 1311 321 1378 Σικυῶνα·
338 1305 415 1396 ’τήν
442 1303 475 1375 δ’
509 1305 690 1398 ἄνθρωπον
715 1307 857 1397 ταύτην,
890 1306 951 1396 τήν
974 1305 1107 1398 Ἀλκήν,

147 1415 345 1496 καθίστησιν
362 1404 547 1526 Εἀἷκτήμαν
566 1411 798 1497 ἐπιμελεῖσθαι
815 1412 872 1497 τής
891 1412 927 1478 ἐν
927 1419 1107 1530 Κεραμει-

146 1511 196 1599 κρῖ
221 1517 407 1597 συνοικίας,
434 1511 492 1595 τής
523 1506 612 1598 παρά
636 1505 698 1597 τήν
724 1516 866 1597 πυλίδα,
899 1536 938 1578 ου
965 1505 983 1578 6
1015 1508 1107 1590 οἰνος

94 1635 126 1687 21
146 1604 252 1688 ὤνιος.
296 1621 542 1680 κατοικισθεῑσα
570 1605 600 1678 δ’
629 1613 788 1681 ἐνταυθοῖ
811 1612 943 1680 πολλαν
969 1611 1025 1678 καί
1047 1637 1106 1678 κα-

144 1737 214 1778 κων
231 1697 348 1799 ήρξεν,
367 1737 393 1778 ω
383 1700 539 1799 ἄνδρες.
583 1714 708 1832 φοιταῐν
730 1708 793 1801 γάρ
810 1706 829 1781 ὁ
846 1706 1031 1799 Εὐκτήμων
1049 1712 1098 1779 ἐπ

143 1805 180 1878 τὰ
207 1812 393 1881 ἐνοίκιον’
376 1808 529 1880 εκάστοτε
553 1808 594 1880 τά
619 1809 724 1882 πολλοὶ
751 1813 949 1900 διέτριβενέ
948 1840 969 1880 υ
985 1813 1028 1899 τῇ
1044 1831 1105 1879 συ-

143 1918 270 2003 νοικίᾳ,
298 1915 402 1983 ἐνίοτε
428 1913 465 1982 δὲ
491 1915 546 1982 καὶ
574 1916 710 1983 ἐσιτεῖτο
726 1909 808 2003 μετά
824 1915 881 2000 τής
906 1906 1104 2002 ἄνθρωπον,

143 2011 334 2084 καταλιπών
350 2016 406 2084 καί
423 2011 485 2101 τήν
501 2029 645 2100 γυναῖκα
662 2015 717 2082 καί
734 2011 811 2094 τούς
828 2017 948 2091 παῖδας
967 2013 1022 2081 καὶ
1040 2009 1104 2100 τήν
1219 2021 1220 2062 ³

143 2117 253 2182 οἰκίαν
269 2108 313 2200 ήν
331 2111 417 2206 ᾤκει.
453 2117 604 2203 χαλεπῶς
630 2113 668 2182 δὲ
684 2111 851 2204 φερούσης
867 2117 926 2200 τής
943 2110 1103 2200 γυναικὸς

143 2213 198 2279 καί
223 2215 292 2282 τοῖν
316 2215 418 2283 υίίων
442 2209 502 2301 οὐχ
520 2210 609 2293 ὅπως
628 2212 809 2308 ἐπαύσατο,
836 2210 920 2282 άλλά
936 2216 1103 2284 τελευταῖν

142 2314 311 2392 παντελῶς
338 2315 469 2402 διητᾶτο
497 2317 580 2402 ἐκεῖ,
607 2315 663 2383 καὶ
689 2309 775 2384 οὕτω
795 2317 928 2402 διετέθη
947 2309 1015 2384 εἰθ’
1033 2308 1101 2384 διτό

142 2409 325 2502 φαρμάκων
359 2409 427 2484 εἴθ’
461 2409 528 2483 ὑπὸ
553 2411 655 2484 νόσου
683 2411 753 2485 εἴθ’
779 2410 840 2484 ὑπ’
867 2412 970 2484 ἄλλον
995 2413 1099 2504 τινός,
1218 2455 1219 2460 1

142 2508 225 2582 ωστε
253 2509 429 2603 ἐπείσθη“
409 2510 469 2584 υπ’
497 2511 598 2601 αὐτῆς
615 2511 674 2585 τὸν
691 2514 917 2638 πρεσβύτερον
934 2530 1006 2585 τοῖν
1024 2523 1101 2584 παί
1218 2537 1219 2566 ³

142 2618 215 2686 δοιν
251 2622 440 2704 εἰσαγαγεῖν
474 2623 520 2696 εἰς
553 2613 630 2698 τούς
658 2614 823 2708 φράτορας
849 2618 901 2686 ἐπί
924 2618 973 2709 τῷ
994 2609 1101 2685 αὑτοῦ

89 2729 122 2778 22
138 2708 282 2804 ὀνόματι.
320 2714 434 2805 ἐπειδή
461 2717 498 2786 δὲ
523 2714 602 2788 οὔθ’
629 2712 743 2799 ὁυίδς
766 2745 856 2810 αυτφ
879 2714 1099 2804 Φιλοκτήμων

139 2815 320 2905 συνεχώρει
359 2813 438 2887 οὔθ’
480 2823 514 2887 οἱ
550 2815 711 2940 φράτορες
751 2786 971 2940 εἰσεδέξαντρ,
1020 2813 1097 2886 ἄλλ’

138 2909 311 3004 ἀπηνέχθη
327 2913 364 2985 ιδ
382 2915 545 3006 κοάρειον,
573 2913 820 3007 ὀργιζόμενος’
802 2947 822 2987 ο
839 2914 1026 3007 Εὐκτήμων
1049 2921 1099 3010 αφ’

137 3019 208 3084 υίεῑ
238 3018 293 3084 καί
325 3015 515 3105 ἐπηρεάζειν
545 3015 745 3106 βουλόμενος
772 3021 926 3106 ἐγγυᾶται
951 3033 1097 3106 γυναῖκα

137 3114 453 3207 Δημοκράτουςτοῦ
466 3113 660 3206 Ἀφιδναίου
678 3114 844 3210 ἀδελφήν,
863 3115 907 3200 ὦς
926 3115 1095 3206 ἐκταάτης
1216 3156 1217 3174 1

137 3223 259 3297 παῖδας
284 3215 468 3307 άποφννῶν
493 3221 550 3288 καί
570 3217 769 3308 εἰσποιήσων
787 3228 833 3301 εἰς
850 3217 908 3290 τὸν
924 3218 1034 3307 οἰκον,
1064 3227 1096 3288 εἰ

86 3332 119 3384 23
137 3314 181 3405 μή
215 3327 401 3410 συγχωροίη
434 3323 552 3391 τοῠτον
588 3324 792 3409 εἰσαχθῆναι.
846 3318 968 3401 εἰδότες
1001 3316 1032 3388 δ’
1060 3325 1098 3389 οἰ

136 3414 309 3505 άυαγκαῑοι
334 3417 384 3491 ὅτι
412 3424 443 3504 ἐξ
472 3424 602 3492 ἐκείνου
628 3422 689 3511 μὲν
714 3419 777 3492 οὐκ
801 3417 843 3493 άν
870 3428 917 3491 ἐτι
942 3423 1090 3508 γένοιντο

137 3525 254 3600 παῖδες
275 3520 400 3610 ταύτην
424 3519 487 3608 τήν
511 3517 643 3611 ἡλικίαν
661 3528 807 3612 ἔχοντος,
835 3519 1036 3611 φανήσοιντο
1056 3517 1092 3590 δ’
