2474 3946
384 235 516 292 ΚΑΤΑ
541 233 763 292 ΤΙΜΑΡΧΟ
774 236 806 292 Y.
1025 232 1065 296 55

117 415 186 459 των
202 389 339 478 αἰσχράς
354 388 499 471 ὑποψίας
513 390 721 479 παρεμβάλη,
742 397 988 478 καταγέλαστον
1005 396 1066 478 την

15 502 92 559 168
114 487 216 558 πόλιν
233 501 329 559 ποιεί.
353 485 397 568 ἀς
411 489 475 574 γὰρ
493 486 550 567 τάς
567 485 647 573 ἐμάς
662 485 810 568 εὐθύνας
828 489 1000 576 βλάπτων,
1025 487 1065 570 ἀς

112 584 199 674 ὑπὲρ
211 594 270 673 τῆς
281 592 453 673 πρεσβείας
466 590 572 671 μέλλω
585 583 729 670 διδόναι,
742 591 826 671 φησί
834 612 890 672 με,
902 584 951 654 ὅτ’
965 585 1065 668 αὐτὸς

111 682 326 774 πρῴηνπρός
335 683 397 771 τὴν
407 681 535 771 βουλὴν
545 679 631 767 ὑπὲρ
647 688 707 749 τοῦ
719 681 834 760 παιδὸς
846 679 1063 770 Ἀλεξάνδρου
1080 692 1131 746 166

111 782 247 872 διεξῄει,
271 779 313 862 ἀς
331 785 430 867 ἐντῷ
449 781 539 869 πότῳ
555 777 651 866 ἡμῶν
663 784 826 862 κιθαρίζοι
835 781 889 848 καὶ
900 785 990 866 λέγοι
1001 783 1061 868 ῥή-

110 901 180 960 σεις
201 877 294 958 τινάς
316 881 371 947 καὶ
391 876 618 962 ἀντικρούσεις
638 872 721 960 πρὸς
737 876 852 963 ἕτερον
868 882 984 964 παῖδα,
1007 885 1062 947 καὶ

111 975 339 1062 περὶτούτων
363 972 384 1042 ἀ
407 975 448 1061 δή
469 998 547 1042 ποτε
570 971 668 1052 αὐτὸς
690 971 845 1058 ἐτύγχανε
865 975 1061 1060 γιγνοίσκων

109 1073 197 1163 πρδς
207 1071 270 1161 τὴν
282 1071 410 1160 βουλὴν
422 1069 630 1158 ἀπεφήνατο,
649 1067 710 1156 οὐχ
720 1067 764 1149 ὡς
774 1072 1058 1160 συμπρεσβευτήν,

109 1171 187 1242 ἀλλ’
207 1170 251 1252 ἀς
267 1175 414 1259 συγγενῆ
429 1184 496 1250 τοῖς
514 1175 560 1250 είς
576 1167 637 1237 τὸν
653 1175 753 1237 παίδα
769 1170 966 1257 σκώμμασιν
976 1170 1060 1258 ἀγα-

24 1288 89 1344 169
107 1277 281 1357 νακτῆσαι.
294 1269 357 1357 ἐγώ
371 1266 403 1337 δ’
417 1265 619 1356 Ἀλεξάνδρῳ
634 1269 696 1353 μὲν
707 1268 840 1346 εἰκότως
850 1266 905 1335 διά
916 1265 1060 1355 τὴνὴλι-

108 1381 193 1442 κίαν
204 1368 244 1440 οὐ
264 1377 457 1456 διείλεγμαι,
482 1375 648 1438 Φίλιππον
659 1367 695 1436 δέ
704 1373 770 1436 νῦν
782 1367 844 1454 μλν
856 1366 910 1436 διά
921 1367 983 1455 την
993 1376 1060 1435 τοῖν

106 1469 222 1555 λόγων
234 1466 403 1555 εὐφημίαν
413 1469 539 1536 έπαινοδ
546 1495 552 1508 ·
576 1465 636 1534 έάν
646 1463 678 1534 δ’
697 1462 715 1532 ὁ
733 1463 834 1544 αὐτὸς
850 1468 964 1544 έντοίς
976 1461 1060 1549 πρὸς

106 1565 198 1656 ἡμᾶς
209 1571 317 1654 ἔργοις
326 1567 477 1650 γένηται,
499 1560 567 1643 ολος
582 1571 649 1631 νῦν
664 1565 753 1631 ἐστιν
769 1565 806 1632 ἐν
822 1576 890 1643 τοῖς
900 1567 1060 1648 ἐπαγγέλ-

104 1681 228 1749 μασιν,
250 1657 383 1746 ἀσφαλῆ
400 1661 455 1726 καὶ
477 1659 595 1748 ῥηίδιον
615 1657 675 1727 τὸν
697 1656 776 1727 καθ’
802 1657 909 1728 αὐτοῦ
930 1659 1059 1747 ποιήσει

103 1763 259 1826 ἔπαινον.
271 1759 447 1842 ἐπετίμησα
457 1753 489 1822 δ’
507 1759 544 1824 έν
554 1763 601 1846 τῷ
611 1762 836 1846 βουλευτηρίῳ
845 1763 1059 1843 Δημοσθένει

105 1853 147 1922 ού
162 1851 226 1920 τδν
236 1856 336 1920 παῖδα
346 1853 600 1936 ἐκθεραπεύων,
622 1851 698 1920 ἀλλ’
710 1849 769 1919 έάν
778 1852 819 1920 τὰ
829 1863 965 1922 τοιαῦτα
976 1852 1060 1920 ἀπο-

106 1956 267 2038 δέχησθε,
292 1946 411 2036 ὁμοίαν
428 1957 571 2038 νομίζων
586 1948 649 2038 τὴν
666 1950 766 2019 πόλιν
785 1949 997 2036 φανήσεσθαι
1017 1957 1059 2038 τῇ

104 2057 168 2118 τοῦ
177 2050 331 2133 λέγοντος
342 2047 492 2139 ἀκοσμίᾳ.

35 2159 88 2213 170
183 2145 288 2224 Ὅλως
300 2142 345 2231 δ’,
360 2137 388 2212 ύ
395 2143 575 2232 Ἀθηναῖοι,
588 2144 646 2225 τάς
657 2151 782 2226 ἔξωθεν
792 2151 854 2214 τοῦ
865 2145 1057 2232 πράγματος

108 2239 287 2328 ἀπολογίας
304 2240 348 2328 μη
368 2247 606 2328 προσδέχεσθε,
629 2249 762 2327 πρῶτον
779 2245 839 2329 μέν
853 2250 922 2312 τῶν
944 2241 1056 2327 ὅρκων

106 2341 221 2426 ἕνεκα,
243 2337 302 2419 οὓς
320 2335 483 2427 ἀμόσατε,
505 2340 663 2428 δεύτερον
674 2340 710 2408 δέ
721 2338 805 2427 ὑπὲρ
817 2351 879 2411 τοῦ
890 2339 934 2428 μὴ
946 2365 1055 2426 παρα-

106 2446 317 2524 κρουσθῆναι
334 2437 399 2508 ύπδ
420 2438 609 2527 ἀνθρώπων
626 2450 774 2527 τεχνίτου
791 2443 910 2527 λόγων.
935 2440 1055 2525 μικρὸν
1074 2453 1121 2510 167

106 2533 139 2600 δ’
166 2533 302 2604 ἀνωθεν
328 2535 468 2622 ἀρξομαι
490 2535 664 2604 Ιδιδάσκειν
693 2535 787 2623 ὑμᾶς.
831 2539 1053 2622 Δημοσθένης
1229 2543 1230 2610 ι

104 2628 188 2717 γὰρ,
209 2631 320 2720 ἐπειδὴ
338 2632 401 2719 τὴν
420 2633 579 2721 πατρῴαν
595 2629 714 2700 οὐσίαν
737 2629 904 2719 ἀνήλωσε,
927 2633 1054 2720 περιῄει
1228 2667 1229 2672 ¹

104 2733 181 2817 περὶ
197 2729 258 2818 τὴν
277 2733 377 2800 πόλιν
392 2729 551 2817 θηρεύων
567 2733 664 2808 νέους
681 2736 861 2809 πλουσίους
871 2728 1052 2817 ὀρφανούς,

105 2822 155 2896 ὥν
166 2833 202 2898 οί
209 2829 270 2915 μὲν
278 2835 415 2914 πατέρες
424 2828 714 2916 τετελευτήκεσαν,
737 2831 774 2895 αί
781 2827 817 2896 δὲ
828 2831 962 2914 μητέρες
973 2829 1052 2920 0295-

102 2951 189 2993 κονν
199 2925 262 3012 την
273 2926 401 2996 οὐσίαν.
425 2925 570 3006 πολλοὺς
585 2923 618 2994 δ’
635 2921 783 3011 ὑπερβὰς
794 2923 947 3006 ἑνδςτον
959 2924 1050 2994 δεινοὶ

22 3097 24 3100 ,
43 3037 86 3093 171
103 3025 326 3092 πεπονθότων
342 3022 407 3092 ύπδ
422 3023 545 3091 τούτου
562 3023 806 3109 μνησθησομαι.
830 3019 974 3090 κατιδων
984 3020 1048 3106 γὰρ

101 3124 211 3187 οίκίαν
230 3127 393 3189 πλουσίαν
409 3121 465 3188 καὶ
485 3117 547 3188 οὐκ
572 3117 837 3205 εὐνομουμένην,
861 3109 900 3203 ἧς
917 3115 1050 3204 ἡγεμών

101 3216 164 3302 μὲν
183 3210 229 3304 ἦν
250 3217 336 3305 γυνη
361 3221 443 3304 μέγα
465 3225 640 3305 φρονοῦσα
657 3219 713 3285 καὶ
730 3223 816 3284 νοῦν
833 3212 895 3281 οὐκ
918 3221 1048 3300 ἔχουσα,

101 3322 276 3394 νεανίσκος
287 3316 323 3384 δὲ
334 3313 482 3401 ὀρφανὰς
497 3313 664 3402 ἡμιμανὴς
675 3317 837 3397 διεχείριζε
849 3310 910 3396 την
920 3307 1049 3394 οὐσίαν,

99 3405 308 3499 ’Δρίσταρχος
322 3411 412 3481 ὁτού
428 3413 587 3498 Μόσχου,
609 3410 732 3478 τούτου
744 3405 1050 3495 προσποιησάμενος
