2510 3948
214 289 216 296 ·
321 280 454 338 ΚΑΤΑ
474 277 855 339 ΚΤΗΣΙοειΝΤοΣ.
996 273 1057 342 175

103 435 337 526 μεγαλόφρων,
349 435 500 506 κάκείνοί
506 461 545 521 γε
553 439 587 504 οί
596 433 640 522 μή
651 440 857 523 τετιμημένοι
865 447 923 526 τής
932 438 1058 518 πόλεως
1230 509 1232 530 A

103 535 205 616 άξιοι·
229 533 271 603 οό
288 534 353 622 γάρ
369 532 474 624 ρόοντο
486 538 558 602 δεῖν
574 537 612 601 ἐν
628 547 695 613 τοις
703 535 874 622 γράμμασι
884 545 1055 624 τιμᾶσθαι,
1073 547 1125 604 575

8 681 15 688 -
103 630 178 703 ἀλλ’
198 636 235 702 ἐν
245 641 286 722 τή
298 635 411 722 μνήμη
426 642 495 702 τοῖν
511 624 552 701 εὖ
567 634 806 720 πεπονθότων,
820 632 911 722 ήάπ’
925 641 1056 706 ἐκείνου

103 741 166 801 τοῦ
187 734 311 819 χρόνον
333 738 425 820 μέχρι
447 736 545 820 τῆσδε
562 740 620 818 τῆς
635 730 759 820 ἡμέρας
780 733 949 814 ιἰθάνατος
970 729 1056 804 οόσα

104 836 260 918 διαμένει.
284 833 410 920 δωρεάς
426 831 462 900 δὲ
479 837 574 912 τίνας
583 831 789 919 ἐλάμβανον;
813 823 861 900 τόν
879 832 975 914 άξιόν
989 838 1056 903 ἐστι

103 938 303 1019 μνησθῆναι.

13 1045 86 1102 183
183 1022 288 1098 Ἠσάν
298 1054 386 1108 τινες
400 1026 482 1097 κατά
493 1025 573 1107 τούς
584 1025 657 1096 τότε
668 1026 814 1115 καιροὺς,
827 1037 862 1098 ολ
871 1029 981 1100 πολὺν
992 1030 1056 1099 πό-

102 1155 167 1198 νον
196 1127 436 1216 όπομείναντες
462 1127 519 1194 καὶ
546 1126 711 1213 μεγάλους
734 1117 987 1208 πινδόνουςλέπλ
1008 1137 1056 1220 τῷ

103 1228 277 1314 Στρυμόνι
294 1233 430 1316 ποταμῷ
447 1229 568 1295 ἐνίκων
585 1225 765 1313 μαχόμενοι
785 1226 940 1314 Μήδους·
962 1220 1056 1295 οὗτοι

104 1331 205 1412 δεῦρο
217 1324 414 1413 ἀφικόμενοι
423 1324 483 1394 τόν
495 1330 603 1413 δῆμον
613 1325 741 1415 ήτησαν
753 1326 893 1414 δωρεάν,
906 1329 962 1396 καί
973 1330 1055 1393 ἔδω-

103 1450 165 1492 κεν
188 1421 300 1504 αὐτοῖς
322 1421 339 1492 ὁ
362 1429 465 1511 δήμος
486 1422 581 1511 τιμάς
603 1425 762 1513 μεγάλας,
786 1421 830 1505 ὡς
849 1421 918 1493 τότ’
940 1424 1056 1510 ἐδόκει,

104 1536 191 1608 τρεῖς
206 1529 359 1602 λιθίνους
370 1520 491 1610 Ἑρμᾶς
508 1531 625 1610 στήσαι
636 1528 726 1614 ἐντή
744 1532 825 1614 στοᾷ
839 1531 878 1614 τή
896 1531 964 1592 τοῖν
980 1521 1057 1609 Ἑρ-

102 1629 194 1707 μῶν,
218 1620 274 1708 ἐφ’
295 1615 358 1712 ςότε
375 1623 419 1708 μή
437 1621 633 1707 ἐπιγράφειν
652 1625 693 1690 τά
705 1621 851 1711 ὀνόματα
862 1624 901 1690 τὰ
913 1624 1052 1705 ἕαυτοῖν,
1073 1636 1124 1693 573

102 1725 160 1790 ἵνα
170 1722 216 1808 μή
229 1729 296 1789 τῶν
310 1729 519 1807 στρατηγεῖν,
530 1805 533 1810 ,
543 1718 626 1788 άλλά
637 1729 697 1788 τοῦ
709 1722 817 1808 δήμου
829 1727 911 1808 δοκή
923 1721 1007 1789 εἶναι
1017 1718 1054 1788 τό

27 1831 85 1890 584
103 1824 301 1905 ἐπίγραμμα.
321 1817 373 1885 ὅτι
384 1816 416 1886 δ’
430 1816 541 1904 άληθή
553 1821 649 1905 λέγω,
664 1821 698 1898 ἐξ
711 1817 902 1886 αὐτῶντῶν
913 1818 1057 1904 ποιημά·

103 1943 175 1985 των
187 1925 327 1984 είσεσθε.
339 1919 572 2002 ἐπιγέγραπται
586 1914 653 2002 γάρ
665 1917 775 2007 ἐπὶτρῖ
785 1917 847 2003 μὲν
860 1916 978 2003 πράτρο
991 1921 1058 1982 τοῦν

98 2013 232 2100 Ἐρμων

148 2119 192 2215 ήν
203 2126 269 2213 άρα
279 2125 428 2198 τιάαείνοι
439 2128 668 2215 ταλακάρδιοι,
693 2134 728 2198 οἵ
736 2154 814 2199 ποτε
825 2129 957 2218 Μήδων

193 2231 307 2300 παισὶν
319 2227 372 2297 ἐπ’
391 2227 513 2317 Ἠϊόνι,
536 2231 734 2318 Στρυμόνος
746 2229 832 2318 άμφλ
842 2229 938 2319 ροάς,

151 2326 249 2413 λιμόν
259 2326 290 2394 τ’
303 2337 436 2396 αίθωνα
448 2329 611 2416 κρατερόν
622 2327 654 2397 τ’
666 2329 843 2415 ἐπάγοντες
850 2327 955 2414 Ἀρηα
1076 2338 1128 2395 574

193 2437 318 2514 προῖτοι
329 2434 520 2516 δυσμενέων
532 2423 633 2514 εὖρον
644 2429 841 2516 άμηχανίην.

110 2543 161 2609 ἐπὶ
173 2545 208 2608 δὲ
219 2550 266 2632 τῷ
277 2545 419 2632 δευτέρην

153 2651 352 2742 ἡγεμόνεσσι
366 2656 402 2724 δὲ
414 2655 540 2742 μισθόν
546 2654 718 2742 Ἀθηναῖοι
729 2653 790 2722 τάδ
795 2650 803 2676 ’
817 2655 945 2720 ἔδωκαν

196 2752 268 2821 ἀντ’
282 2749 470 2841 εὐεργεσίης
479 2753 533 2820 καλ
544 2751 688 2838 μεγάλης
699 2747 826 2836 άρετής.

153 2855 282 2941 μᾶλλόν
292 2882 341 2934 τις
352 2852 425 2923 τάδ’
445 2849 594 2922 ίδόνκαλ
607 2856 838 2940 ἐπεσσομένων
849 2853 1000 2939 ἐθελήσει

194 2950 280 3041 άμφὶ
292 2959 418 3036 ξυνοῖσι
429 2955 598 3043 πράγμασι
606 2952 737 3041 μόχθον
749 2957 843 3040 ἔχειν.
995 2968 998 2973 ’

45 3085 93 3142 185
109 3067 162 3135 ίπλ
173 3069 209 3134 δὲ
219 3076 266 3158 τῷ
276 3074 374 3158 τρίτῳ
385 3065 724 3156 ἐπιγέγραπταιἙρμή
1079 3071 1130 3131 575

155 3200 192 3264 ἐκ
207 3219 286 3266 ποτε
296 3201 396 3285 τῆσδε
406 3197 529 3285 πόληος
540 3195 785 3284 ἅμ”Ατρείδησι
795 3188 994 3270 Μενεσθεὺς

196 3293 306 3383 ήγείτο
317 3296 440 3378 ζάθεον
453 3296 604 3382 Τρωικόν
615 3292 662 3382 άμ
672 3298 803 3378 πεδίον,

156 3392 197 3463 όν
206 3392 289 3464 ποθ’
304 3393 449 3484 Ὅμηρος
466 3400 529 3481 ἔφη
547 3399 695 3462 Δαναῶν
711 3390 801 3458 πόαα
811 3385 1063 3474 χαλκοχιτώνων

199 3501 389 3585 κοσμητήρα
400 3492 504 3581 μάχης
516 3497 628 3579 ἔξοχον
639 3489 746 3576 ἄνδρα
757 3495 878 3576 μολεῖν.
