2444 3946
98 252 158 302 On.
180 251 202 301 1.
278 251 366 302 νυνι
383 252 459 303 νοτ
477 251 713 303 mmor
730 250 895 303 κεεεον.
1026 261 1043 320 1

97 421 237 494 ἅπασαν
260 423 435 512 βεβαιώσει
459 422 520 513 τήν
537 420 671 509 ούσίαν;
697 428 752 494 καὶ
770 423 908 506 τούτους
924 426 985 515 μὲν
1002 429 1067 496 νύν

97 527 179 615 περὶ
198 533 351 606 πλείονος
369 537 537 596 ποιεῖσθαι
554 522 674 613 ταύτης
691 520 840 613 ὑπούσης
857 529 914 613 τής
932 532 1064 616 ἔχθρας,

97 621 187 714 ἡμᾶς
212 627 250 696 δὲ
272 625 432 715 τοσαύτης
454 625 651 714 οἰκειότητος
673 629 728 696 καὶ
751 632 865 715 φιλίας
887 631 1065 717 γενομένης
1173 693 1177 698 .

98 727 285 816 πειρᾶσθαι
306 731 431 816 μᾶλλον
449 731 556 808 κακῶς
574 744 698 813 ποιεῑν;
715 721 804 797 Ἀλλ’
822 734 943 816 ἔγωγε,
963 735 993 797 εί
1010 758 1065 798 κα-
1084 753 1117 804 34

97 845 257 918 τηγορεῐν
282 826 457 916 ἐβούλοντο
481 831 549 898 των
567 830 739 916 διαθηκῶν
763 823 862 917 ἢτοῦ
877 837 1064 918 τετελευτη-

97 927 213 1017 κότος,
239 925 301 998 ούκ
318 925 384 998 οἷδ’
403 926 423 998 ὅ
439 957 470 999 τι
493 925 536 999 ἂν
552 925 632 999 ἄλλο
649 927 730 1020 πρὸς
747 924 831 1018 ὑμᾶς
850 929 960 1019 εἶπον,
978 936 1013 1000 οἵ
1027 932 1065 1019 γε

98 1025 160 1109 τὰς
180 1029 342 1118 διαθήκας
366 1031 427 1119 μὲν
444 1027 690 1120 ἀποφαίνουσιν
707 1026 778 1100 οὔτ’
797 1028 908 1120 ὀρθοῖς
928 1030 1065 1121 έχούσας

99 1126 176 1199 οὔτ’
205 1127 410 1220 ἆρεσκούσας
437 1136 485 1224 τῷ
512 1135 716 1225 διαθεμένφ,
745 1135 807 1202 τού
836 1133 873 1201 δὲ
900 1131 1065 1220 τοσαύτην

97 1238 227 1320 μανίαν
244 1235 499 1324 κατηγοροῦσιν,
524 1230 609 1303 ὥστε
632 1236 737 1322 φασιν
760 1229 863 1302 αύτὸν
880 1235 956 1324 περὶ
974 1241 1064 1303 πλεί-

97 1359 179 1412 ονος
201 1345 369 1403 ποιεῖσθαι
391 1332 468 1414 τούς
492 1329 583 1427 αύτῷ
605 1337 863 1425 διαφερομένους
879 1329 901 1421 ή
918 1331 995 1415 τούς
1017 1343 1063 1406 οἰ·
1090 1392 1093 1398 .

97 1441 199 1514 κείως
227 1437 431 1524 χρωμένους,
463 1438 518 1505 καὶ
546 1432 596 1516 οἷς
624 1436 686 1524 μὲν
708 1438 772 1520 ζων
795 1431 875 1505 οὐδὲ
900 1438 1063 1523 διελέγετο
1106 1469 1108 1484 ¹

97 1531 234 1604 ἅπασαν
260 1539 376 1606 δοῦναι
399 1534 461 1624 τήν
482 1533 618 1621 οὐσίαν,
647 1534 724 1617 τούς
749 1532 780 1605 δ’
804 1534 988 1609 οἰκειότατα
1011 1565 1063 1607 κε·

97 1638 284 1724 χρημένους
301 1633 381 1707 οὐδὲ
399 1641 582 1707 πολλοστοῦ
597 1640 717 1727 μέρους
735 1633 878 1720 ἀξιώσαι.
914 1634 999 1708 ὥστε
1015 1647 1064 1719 τίς
1081 1657 1114 1708 35

97 1730 144 1804 ἂν
168 1731 262 1825 ύμεόν
290 1737 413 1819 ταύτας
439 1738 523 1808 εἶναι
552 1744 670 1828 κυρίας
692 1736 749 1818 τὰς
774 1736 937 1826 διαθήκας
961 1748 1062 1828 ψηφί-

98 1858 212 1924 σαιτο,
236 1833 274 1919 ἃς
296 1834 393 1929 ὁμέν
418 1842 614 1929 διαθέμενος
638 1834 682 1919 ύς
709 1835 771 1908 ούκ
792 1835 903 1927 ὀρθοῖς
927 1838 1063 1928 ἐχούσας

97 1933 362 2028 ἀπεδοκίμασεν,
381 1929 472 2010 ούτοι
487 1937 520 2009 δ’
539 1947 624 2034 ἔργῳ
642 1937 782 2009 λύουσιν
796 1942 966 2019 ἐθέλοντες
984 1935 1064 2029 ἡμῖν

98 2043 308 2129 ίσομοιρησηιι
326 2045 383 2129 τῆς
408 2039 539 2130 ούσίοις,
564 2039 645 2132 πρὸς
664 2042 702 2111 δὲ
718 2039 846 2120 τούτοις
863 2034 959 2130 ἡμεῖς
981 2035 1062 2129 ὑμῖν
1123 2043 1128 2052 ’

97 2137 332 2231 ύττοφαίνομεν
357 2147 506 2224 ἐναντίας
529 2140 630 2223 οὔσας
653 2145 708 2212 καὶ
732 2144 780 2234 τῷ
801 2139 892 2234 νόμῳ
914 2144 970 2213 καὶ
993 2158 1062 2223 τοῖς

100 2246 241 2323 δικαίοις
259 2247 315 2313 καὶ
333 2245 376 2333 τῇ
391 2248 452 2314 τού
467 2242 733 2331 τελετευτηκότος
752 2248 900 2335 διανοία;

178 2343 279 2433 Οἶμαι
303 2340 335 2414 δ’
355 2339 443 2434 ,ύμᾶς
465 2343 501 2415 τό
524 2347 599 2435 περὶ
618 2341 712 2434 ήμων
736 2349 865 2414 δίκαιον
883 2340 1061 2433 σαφέστατ’
1080 2364 1114 2415 36

98 2438 143 2513 ἂν
160 2441 240 2535 παρ’
259 2439 371 2517 αύτιύν
383 2445 512 2517 τούτων
529 2445 773 2516 πυνθάνεσθαι.
810 2453 841 2514 εί
856 2442 920 2532 γάρ
937 2475 986 2526 τις
1003 2441 1061 2513 αύ

97 2541 176 2626 τούς
203 2551 309 2636 ἔροιτο
333 2544 389 2616 διὰ
407 2555 441 2617 τί
455 2544 582 2630 ἀξιοῦσι
605 2544 801 2637 κληρονόμοι
819 2549 977 2634 γενέσθαι
993 2549 1061 2616 τοῖν

97 2645 324 2737 Κλεωνύμου,
354 2644 446 2718 τοῦτ’
476 2643 518 2718 ἂν
542 2654 650 2718 εἰπεῖν
674 2653 797 2736 ἔχοιεν,
822 2641 872 2716 ὅτι
895 2648 950 2715 καὶ
972 2649 1061 2734 γένει

98 2748 207 2818 ποθὲν
236 2746 440 2839 προσήκουσι
467 2750 522 2820 καὶ
553 2752 678 2828 ἐκεῖνος
708 2743 820 2827 αὐτοῖς
844 2745 964 2836 χρόνον
987 2745 1062 2817 τινὰ

99 2852 294 2937 ἐπιτηδείως
320 2853 466 2921 διέκειτο.
503 2845 565 2920 ούκ
582 2844 625 2920 ἂν
640 2846 706 2940 ἄρα
723 2844 808 2941 ὑπὲρ
826 2843 920 2938 ἡμων
936 2852 1062 2938 μᾶλλον

95 2945 224 3040 ήύπδρ
246 2953 342 3039 σφων
371 2948 482 3022 αὐτῶν
506 2951 574 3020 εἶεν
597 2949 777 3041 είρηκότες;
801 2959 835 3019 εί
857 2977 893 3020 τε
918 2947 981 3040 γὰρ
1006 2947 1061 3018 διὰ
1078 2960 1110 3012 37

96 3047 159 3139 τήν
181 3055 243 3121 τού
264 3055 382 3140 γένους
404 3048 593 3142 ἀγχιστείαν
616 3059 671 3121 δεῖ
690 3055 847 3139 γενέσθαι
870 3048 961 3131 τινὰς
984 3060 1059 3138 κλη-

98 3149 278 3242 ρονόμους,
309 3147 402 3243 ἡμεῖς
426 3157 589 3242 ἐγγυτέρω
612 3156 701 3240 γένει
724 3151 946 3243 προσήκομεν·
972 3162 1005 3220 εί
1023 3179 1059 3221 τε

100 3251 156 3322 διά
168 3250 230 3341 τήν
247 3262 364 3342 φιλίαν
380 3250 443 3342 τήν
458 3251 689 3344 ὑπάρχουσαν,
708 3265 819 3324 ίσασιν
837 3248 939 3322 αύτδν
956 3247 1059 3323 ἅπαν·

97 3382 151 3436 τες
169 3347 251 3446 ἡμῖν
267 3353 702 3444 οίκειότερονδιακείμενον.
742 3350 820 3424 ὥστ’
840 3349 881 3423 ού
898 3349 960 3442 χρή
978 3349 1058 3442 παρ’

97 3449 210 3545 ήμῶν,
233 3451 317 3525 om&
342 3455 420 3546 [καὶ]
445 3451 526 3546 παρ’
546 3451 658 3526 αύτῶν
680 3453 807 3525 τούτων
824 3451 1060 3524 πυνθάνεσθαι

99 3553 136 3627 τύ
163 3562 301 3628 δίκαιον.
343 3555 488 3628 Πάντων
513 3553 544 3626 δ’
570 3551 613 3625 ἂν
637 3566 688 3642 είη
714 3551 920 3641 δεινότατον,
946 3560 976 3623 εί
992 3569 1060 3633 τοῖς
1077 3564 1111 3615 38
