2450 3950
147 258 187 322 16
498 258 754 318 ΑΙΣΧΙΝΟΤ

146 445 211 506 γαρ
229 416 459 503 αἰσχύνονται·
485 414 569 486 ἀλλά
586 429 656 494 ταῖς
671 422 841 502 τιμωρίαις
857 414 999 494 τούτους
1019 409 1103 482 ἀπε-

147 523 253 598 θίζειν
264 516 342 601 χρή·
355 514 465 602 μόνως
475 514 539 600 γὰρ
551 508 595 580 ἀν
605 511 711 592 οὕτως
723 510 855 581 ἀνεκτοί
865 514 1028 599 γένοιντο.

96 631 131 686 69
231 612 471 698 ’Λναγνιόσεται
488 603 552 680 ούν
576 608 655 697 ύμῖν
676 608 755 690 τούς
777 611 903 697 νόμους
924 605 1002 688 τούς
1027 610 1105 694 περὶ

148 721 206 800 τῆς
223 709 401 797 εὐκοσμίας
420 710 592 795 κειμένους
607 717 674 777 τάν
697 708 849 795 ρητόρων
870 710 926 776 καὶ
944 704 1005 776 τόν
1028 708 1106 790 περὶ

148 819 207 898 τῆς
218 814 394 894 προεδρίας
405 816 474 877 τῶν
484 815 604 894 φυλῶν
614 808 738 893 νόμον,
760 803 801 876 όν
816 815 979 896 Τίμαρχος
989 803 1106 874 οὑτοσί

151 910 207 978 καὶ
218 911 323 993 ἕτεροι
334 916 478 976 τοιοῦτοι
494 908 631 994 ῥήτορες
648 909 872 988 συνελθόντες
882 909 1106 996 γεγραμμένοι

150 1011 211 1076 είσὶ
229 1004 272 1092 μὴ
292 1006 478 1092 ἐπιτήδειον
494 1003 595 1088 εἶναι,
619 1004 661 1072 ἵν’
682 1008 737 1093 ἐξῇ
754 1006 910 1091 πρέπειν
926 1003 1108 1083 αὐτοῖςκαὶ

149 1111 258 1193 λέγειν
270 1109 411 1193 καὶζῆν,
435 1102 583 1185 ύςαύτοί
591 1105 779 1192 βούλονται.

547 1243 702 1302 ΝΟΜΟΙ.

234 1344 502 1431 [Τῶνβητόρωνὲ
482 1348 634 1448 αντιςλέγ
616 1373 654 1456 γη
668 1337 835 1450 ἕνβονλῇῆ
845 1342 973 1449 ἕνδήμφ
983 1371 1025 1428 μη
1013 1341 1108 1430 περὶ
1125 1359 1158 1415 35

192 1457 244 1494 του
231 1426 505 1538 είσφερομένου”
483 1458 502 1512 η
512 1428 563 1534 μὴ
575 1456 661 1538 χωρις
672 1431 738 1510 περὶ
750 1425 909 1492 έκάστου”
888 1457 908 1512 η
921 1407 966 1504 δίς
974 1431 1042 1530 περὶ
1052 1438 1112 1496 τοῦ

97 1532 132 1586 60
191 1512 284 1616 αύτρῦ
294 1511 310 1580 ὁ
322 1511 409 1589 αύτὸς
420 1521 472 1616 τῆς
483 1509 589 1619 αύτης,
607 1542 626 1596 η
613 1508 855 1615 “λοιδορίχται,ἢ
866 1520 965 1589 κακῶς
975 1507 1113 1618 ἀγορεύῃ

191 1593 274 1677 τινά,
296 1595 502 1700 ἢῦποκρούη,
491 1595 795 1744 ᾒβχρηματιζόντων
803 1592 957 1703 μεταξύ’
939 1594 1114 1678 ανεστηιιάις

96 1699 130 1753 61
192 1683 263 1792 λέγη
279 1688 348 1782 περί
363 1705 415 1748 του
431 1676 473 1783 μὴ
491 1682 607 1746 ham]
629 1681 774 1766 βήματος,
795 1677 1115 1789 ἧπαρακελεύηταιῆ

191 1767 263 1852 ἕλκη
278 1763 330 1833 τὸν
345 1764 517 1874 ἐπιστάτην,
541 1761 752 1869 ἀφειμένης
716 1792 767 1849 της
779 1765 963 1872 ἐκκλησίας
943 1795 961 1851 η
972 1774 1024 1852 τῆς
1033 1771 1114 1848 βου-

192 1857 244 1934 λῆς
256 1854 470 1955 κυριευέτωσαν
487 1852 519 1912 οἱ
532 1848 670 1935 πρόεδροι
680 1851 733 1953 μέχ
716 1875 764 1932 χρι
774 1851 957 1952 πεντήκοντα
968 1855 1116 1952 δραχμῶν

96 1951 131 2005 62
161 1929 267 2000 καθ’
291 1940 414 2003 ἕκαστον
435 1929 565 2015 ἀδίκημα
585 1933 761 2018 ἐπιγράφειν
781 1944 843 2010 τοῖς
863 1921 1052 2019 πράκτορσιν.
1085 1939 1117 1999 εί

194 2022 227 2082 δὲ
242 2024 368 2096 πλέονος
384 2018 466 2098 ἀξιός
484 2019 569 2096 ἐστιζ
552 2022 668 2101 ζημίας,
692 2016 878 2122 ἐπιβαλόντες
900 2022 984 2124 μέχρι
999 2016 1114 2124 πεντή-

99 2112 133 2168 63
192 2127 283 2166 κοντα
304 2109 444 2186 δραχμων
463 2106 673 2206 είσφερέτιρσαν
696 2097 786 2177 εἰς
753 2129 809 2186 την
824 2097 938 2207 βονλην
956 2129 978 2185 η
966 2100 1088 2178 Ἃἐίς
1042 2127 1116 2198 την

192 2183 312 2268 πρώτην
324 2189 489 2288 ἐκκλησίαν.
500 2181 612 2251 ότανδ
633 2189 747 2264 ἐξίωσιν
760 2190 795 2250 αἱ
809 2187 940 2270 κλήσεις,
961 2212 1115 2271 κρινατω·

193 2287 264 2331 σαν·
288 2271 338 2333 καί
356 2264 409 2333 ἒάν
424 2275 624 2416 καταγνωσθῇ
635 2267 727 2335 αύτου
714 2269 873 2371 κρύβδην
883 2272 1114 2357 ψηφιζομένων,

193 2351 455 2438 ἕγγραψάτωσανο
456 2349 615 2437 προεδροι
625 2379 685 2430 τοις
694 2352 897 2439 πρακτορσιν]

102 2495 137 2550 64
239 2472 778 2568 Ταῑνμλνοάννόμωνάκηκόατε,
802 2508 828 2551 ω
847 2481 1033 2569 Ἀθηναῖοι,
1050 2487 1117 2555 καὶ
1131 2504 1165 2559 36

152 2569 191 2643 εά
204 2575 269 2646 οἶδ’
283 2577 335 2646 ότι
345 2583 505 2662 δοκοῦσιν
514 2575 595 2665 ὑμῖν
604 2587 714 2659 καλῶς
725 2587 820 2666 ἔχειν.
842 2581 983 2662 τούτους
993 2587 1116 2669 μέντοι

150 2674 230 2755 τούς
251 2678 377 2763 νόμους
398 2676 483 2747 εἶναι
502 2687 682 2765 χρησίμους
701 2675 724 2766 ἢ
746 2677 929 2765 ἀχρήστους
950 2679 1005 2766 ἐφ’
1025 2679 1114 2766 ὑμῖν
1221 2721 1222 2760 ι

150 2775 257 2841 ἐστιν·
280 2774 339 2841 έάν
356 2775 499 2860 μὲνγὰρ
518 2778 672 2863 κολάζητε
683 2775 762 2857 τούς
773 2776 990 2863 ἀδικοῦντας,
1008 2784 1114 2848 ἔσον-
1221 2763 1222 2791 ¹

153 2895 207 2935 ται
218 2865 299 2952 ὑμίν
310 2875 345 2936 οί
354 2872 453 2955 νόμοι
464 2877 557 2940 καλοί
569 2877 624 2942 καὶ
634 2875 762 2964 κύριοι,
774 2872 834 2944 έάν
845 2874 879 2944 δ’
889 2877 1027 2964 ἀφιῆτε,
1044 2903 1114 2946 κοι-

150 2964 640 3053 λοὶμόνον,κύριοιδὲούκέτι.
883 3055 884 3060 1
1220 3021 1221 3072 η

234 3064 403 3153 Βούλομαι
414 3066 458 3150 δ’,
471 3067 583 3158 ὥσπερ
594 3069 769 3160 ὑπεθέμην
780 3072 963 3161 ἀρχόμενος
973 3083 1035 3143 τοῦ
1045 3076 1110 3144 λό-
1126 3094 1161 3150 37

150 3189 230 3250 γον,
253 3167 363 3254 ἐπειδὴ
384 3170 544 3254 περὶτῶν
561 3172 676 3258 νόμων
694 3183 825 3260 είρηκα,
848 3172 950 3243 πόλιν
967 3171 1005 3241 τὸ
1026 3171 1111 3260 μετὰ

152 3273 250 3334 τούτο
268 3264 479 3348 ἀντεξετάσαι
494 3268 573 3350 τούς
589 3271 734 3357 τρόπους
750 3269 829 3352 τούς
849 3272 1036 3359 Τιμάρχου,
1059 3269 1109 3340 ἶν’

152 3369 275 3449 είδῆτε,
299 3365 382 3434 ὅσον
400 3371 597 3455 διαφέρουσι
617 3376 687 3438 τοῖν
702 3369 817 3457 νόμων
838 3379 906 3439 τύν
927 3371 1110 3458 ύμετέρων.

152 3462 268 3544 δέομαι
284 3460 315 3528 δ’
332 3462 446 3551 ὑμῶν,
468 3460 495 3534 τό
514 3466 700 3555 Ἀθηναῖοι,
723 3469 926 3558 συγγνώμην
942 3496 999 3557 μοι
1010 3475 1110 3556 ἔχειν,
