2474 3946
178 255 239 318 100
524 256 784 318 ΑΙΣΧΙΝΟΤ

178 422 277 504 δεῦρο
292 417 344 484 ἐπὶ
356 414 393 482 τδ
411 424 517 503 βήμα,
540 419 595 484 καὶ
613 417 674 503 τήν
684 425 753 485 τῶν
764 425 1008 508 συμπρέσβεων
1019 421 1137 510 άναγί-

177 521 512 600 γνωσκεμαρτυρίαν.

380 620 624 682 MAPTTPIA.
647 621 930 687 ΠΡΟΚΛΗΣΙΣ.

259 711 386 800 Ἐπειδή
405 720 522 780 τοίνυν
538 710 580 784 ού
599 717 723 798 δέχεται
734 713 797 800 τήν
808 716 995 804 πρόκλησιν
1006 717 1080 786 οὐδ’
1091 721 1132 786 άν
1151 738 1194 792 Ῑελ

108 835 161 890 293
179 834 281 898 φησιν
299 815 336 880 έν
351 812 511 898 βασάνοις
535 810 758 896 ἀνδραπόδων
780 816 955 900 γενέσθαι,
979 822 1065 906 λαβέ
1082 845 1132 904 μοι

177 909 239 998 τήν
250 909 426 998 ἐπιστολήν
442 909 582 997 ταύτην,
608 908 681 996 ήνὸ
695 917 857 992 Φίλιππος
874 918 1011 1000 έπεμψε.
1035 921 1131 1003 δήλου

177 1011 241 1095 γάρ
252 1009 303 1078 ὅτι
312 1011 440 1096 μεγάλα
450 1009 512 1097 τήν
522 1009 621 1077 πόλιν
632 1015 901 1097 παραλογίζεται,
915 1009 961 1078 δι’
973 1008 1019 1098 ήν
1032 1010 1132 1099 ήγρυ-

177 1110 536 1197 πνούμενγράφοντες.

525 1214 771 1276 ΕΠΙΣΤΟΛΗ

258 1305 425 1387 Ἀκούετε,
443 1299 619 1392 άάνδρες,
638 1304 690 1373 ὅτι
707 1304 809 1391 ,τούς
819 1304 943 1390 ὅρκους
955 1304 1128 1374 ἀπέδωκαα
1146 1317 1192 1373 129

179 1408 260 1492 φησί
276 1420 368 1494 ,μοῖς
383 1402 552 1491 ὑμετέροις
571 1407 766 1492 πρέσβεσι,“
787 1407 930 1474 καὶτῶν
949 1407 1129 1492 συμμάχων

108 1524 161 1579 299
178 1512 246 1572 τῶν
263 1507 385 1573 ἑαυτοῦ
402 1502 480 1583 τούς
499 1507 790 1591 παραγενομένους
806 1503 880 1572 κατ’
893 1502 1001 1589 ὄνομα
1012 1509 1133 1590 γέγρα·

179 1631 238 1690 φε,
250 1607 306 1672 καὶ
316 1601 439 1682 αύτούς
450 1605 504 1671 καὶ
516 1603 575 1684 τάς
585 1605 697 1684 πόλεις
707 1602 836 1691 αὐτῶν,
853 1604 935 1684 τούς
946 1603 978 1671 δ’
992 1601 1131 1690 ὑστερή-

121 1710 124 1716 ’
178 1695 299 1782 σαντας
318 1729 388 1771 τον
405 1703 589 1791 συμμάχων
611 1702 804 1772 ἀποστελεῖν
825 1725 908 1789 φησι
931 1702 1017 1788 πρὸς
1037 1702 1129 1790 ὑμεῖς.

177 1800 271 1869 ταῦτ’
291 1795 357 1871 οὖν
373 1800 436 1871 ούκ
453 1800 498 1871 άν
515 1811 628 1873 οίεσδε
647 1802 816 1870 δύνασθαι
825 1803 952 1888 γράψαι
965 1809 1129 1870 Φίλιππον

177 1899 256 1988 μεθ’
269 1900 396 1991 ἡμέραν
408 1900 490 1971 άνευ
500 1905 599 1990 ἐμούς
1220 1887 1221 1947 δ

260 2000 346 2070 Ἀλλ’
367 2009 478 2088 ἔμοιγε
496 2001 537 2089 νή
557 2001 635 2082 τούς
654 2000 759 2080 θεοὺς
780 1999 895 2070 ούτοσὶ
918 2006 1010 2070 δοκεῖ
1028 2005 1124 2069 τοῦτο
1148 2007 1193 2062 130

178 2101 284 2184 μόνον
302 2107 507 2186 λογίζεσθαι,
532 2101 622 2182 ὅπως
639 2100 761 2189 μεταξύ
779 2104 887 2187 λέγων
904 2098 1129 2187 εὐδοκιμήσει·
1219 2135 1220 2191 η

178 2202 208 2267 εἰ
218 2197 255 2266 δὲ
265 2196 389 2284 μικρὸν
397 2196 540 2284 έπισχάν
559 2201 646 2279 δόξει
658 2200 883 2286 πονηρότατος
890 2207 958 2267 τοῖν
964 2196 1131 2286 Ἑλλήνων

178 2295 278 2384 εἶναι,
301 2293 379 2365 ούδὲ
396 2296 516 2382 μικρὸν
532 2302 709 2382 φροντίζει.
730 2305 765 2364 τί
777 2296 843 2383 γάρ
859 2295 903 2365 ἄν
920 2323 969 2375 τις
989 2296 1132 2386 τοιούτῳ

178 2396 383 2466 πιστεύσειεν
395 2395 583 2487 άνδράπῳ,
602 2391 640 2475 ὃς
651 2399 855 2483 ἐγκεχείρηκε
865 2396 990 2482 λέγειν,
1013 2392 1058 2474 ὥς
1071 2402 1132 2464 Φί-
1218 2393 1219 2436 ί

178 2506 298 2576 λιππος
309 2495 350 2564 ού
361 2511 429 2576 τοῖς
438 2494 545 2565 αύτού
555 2497 838 2586 στρατηγήμασιν,
864 2493 948 2564 άλλά
958 2509 1030 2574 ταῖς
1041 2499 1133 2582 ἐμαῖς

116 2641 118 2646 -
178 2601 392 2684 δημηγορίαις
403 2607 481 2667 εἴσω
492 2604 618 2665 Πυλῶν
629 2604 798 2682 παρῆλθες
819 2596 874 2663 καὶ
883 2596 1046 2681 λογισμόν
1056 2621 1130 2662 τινα
1217 2677 1218 2681 ¹

176 2693 309 2782 ήμεροίν
318 2707 555 2784 σννηρνθμεῑτο
567 2693 650 2783 πρὸς
661 2693 757 2782 ὑμᾶς,
769 2698 807 2763 έν
818 2693 868 2773 αἷς
876 2696 940 2780 έγύ
949 2693 1012 2779 μὲν
1023 2692 1134 2781 άπήγ-

175 2803 296 2881 γελλον
318 2795 381 2880 τήν
398 2803 593 2883 πρεσβείαν,
617 2799 652 2864 οί
667 2796 703 2863 δὲ
721 2801 892 2863 Φαλαίκου
908 2800 969 2861 τοῦ
983 2798 1132 2862 Φωκέων

106 2915 159 2970 ςρο
175 2893 346 2976 τυράννου
364 2897 614 2981 δρομοκήρυκες
625 2893 791 2964 τάνδένδε
807 2898 912 2963 ἐκεῖσε
922 2893 1129 2981 διήγγελλον,

175 2992 411 3073 πιστεύσαντες
428 2997 465 3061 δὲ
486 2997 521 3061 οί
541 3002 667 3075 Φωκεῖς
687 2998 760 3082 ἐμοὶ
781 3005 859 3064 είσω
880 3003 1006 3063 Πυλῶν
1026 2993 1132 3063 αύτὸν

175 3097 395 3176 παρεδέξαντο
419 3097 474 3162 καὶ
495 3093 554 3174 τάς
575 3097 687 3174 πόλεις
709 3094 768 3176 τάς
790 3092 903 3165 αὑτῶν
930 3099 1132 3181 παρέδοσαν.

173 3204 277 3265 ταῦτα
289 3197 350 3281 μέν
361 3189 425 3265 ούυ
435 3193 453 3264 ὁ
464 3199 648 3285 κατήγορος
657 3198 891 3285 μεμηχάνηται,
903 3195 944 3264 τά
956 3194 987 3263 δ’
1003 3201 1041 3265 έν
1052 3205 1132 3267 Φω-
1149 3213 1190 3268 1³1

176 3305 271 3364 κεύσι
283 3296 451 3384 διεφθάρη
469 3295 645 3382 πράγματα
657 3305 791 3380 πρῶτον
802 3297 863 3381 μέν
876 3293 929 3364 διά
941 3294 1005 3381 τήν
1014 3296 1131 3384 τύχην,

173 3391 196 3478 ή
211 3397 347 3464 πάντων
358 3397 425 3463 ἐστὶ
442 3404 558 3481 κυρία,
582 3403 692 3466 ἔπειτα
704 3395 759 3463 διά
769 3395 807 3464 τὸ
818 3405 922 3482 μῆκος
932 3402 995 3463 τοῦ
1003 3396 1132 3482 χρόνου
1214 3384 1215 3414 ¹

174 3494 228 3556 κάλ
241 3492 301 3558 τὸν
317 3498 455 3578 δεκαετῆ
471 3496 626 3581 πόλεμον.
649 3494 686 3562 τύ
703 3492 769 3580 γάρ
787 3492 868 3562 αύτδ
885 3492 1010 3581 ηὔξησέ
1017 3521 1053 3562 τε
1063 3503 1132 3562 τῶν
