2474 3946
203 279 265 344 108
548 281 805 340 ΑΙΣΧΙΝΟΤ

134 453 186 512 219
204 443 310 528 ὄνομα
322 439 549 526 πλασάμενος,
561 436 598 518 ῦς
608 443 701 524 ἔτυχε
712 436 846 525 παρών,
865 439 1070 526 μιμούμενος
1083 441 1167 520 τοῦς

201 540 332 627 τάληθῆ
342 540 507 623 λέγοντας.
530 537 613 608 svo&
624 533 830 622 εὐτυχοῦμεν
840 540 874 604 οί
882 537 988 623 μηδὲν
998 535 1168 608 ἀδικοῦν-

201 666 270 726 τες,
293 636 345 706 ὅτι
361 635 445 724 πρὸς
456 644 497 724 τῇ
508 643 657 724 τερατείᾳ
668 642 730 704 τοῦ
741 633 870 720 τρόπου
880 637 937 704 καί
947 643 989 724 τῇ
1001 643 1068 706 τῶν
1077 635 1166 704 όνο-

200 737 317 824 μάταν
333 741 492 804 συνθέσει
500 741 586 805 νοῦν
602 729 665 802 οῦκ
681 738 754 820 ἔχει.
778 737 949 815 σκέψασθε
966 734 1035 820 γὰρ
1052 733 1166 820 ἀφρο-

202 835 311 922 σύνην
328 834 396 922 ἀμα
413 837 469 904 καί
485 833 705 904 ἀπαιδευσίαν
723 830 926 920 ἀνθρύπου,
950 827 988 910 ὃς
1005 839 1164 900 τοιοῦτον

200 939 322 1004 ἔπλασε
339 933 376 1001 τό
396 936 471 1019 περλ
488 933 550 1020 τήν
564 932 744 1002 Ὀλυνθίαν
768 945 911 1016 γυναῖκα
934 935 1062 1014 ψεῦδος
1083 928 1160 998 κατ’

200 1035 299 1120 ἐμοῦ,
321 1031 377 1118 ἐφ’
396 1025 425 1120 φ’
440 1031 562 1118 μεταξύ
579 1031 641 1119 μὲν
659 1034 767 1117 λέγων
783 1026 846 1115 ὑφ’
867 1026 964 1116 ὑμῶν
984 1031 1159 1116 ἐξερρίφη

200 1129 332 1218 τδνγάρ
344 1129 718 1218 πλείστουάφεστηκότα
729 1131 971 1200 τῶντοιούτων
983 1128 1072 1215 πρὸς
1081 1128 1160 1208 τοῦς

201 1228 329 1308 είδότας
340 1234 499 1317 διέβαλλε.
522 1233 693 1311 σκέψασθε
705 1228 757 1314 δὲ,
781 1225 825 1307 ῦς
838 1229 1022 1316 πόρρωθεν
1032 1233 1086 1298 ἐπὶ
1096 1227 1161 1314 τήν
1176 1241 1218 1297 λὀλ

200 1333 309 1396 αίτίαυ
325 1326 450 1414 ταύτην
465 1326 736 1410 παρεσκευάζετο.
760 1330 829 1394 ἐστι
844 1325 910 1409 γάρ
928 1351 978 1406 τις
988 1328 1160 1412 ἐπιδημῶν

200 1425 296 1515 ἡμῶν
313 1432 359 1506 είς
375 1424 437 1513 τήν
459 1424 558 1494 πόλιν
574 1422 815 1510 Ἀριστοφάνης
834 1419 1025 1504 Ὀλύνθιος·
1049 1424 1159 1512 τούτῳ

201 1527 380 1603 συσταθεὶς
396 1522 464 1592 ῦπό
475 1548 577 1592 τινων
587 1525 643 1592 καὶ
655 1523 865 1610 πυθόμενος,
879 1520 923 1602 ἀς
934 1529 1042 1604 είπεῑις
1052 1524 1158 1591 δύνα-

200 1649 269 1708 ται,
295 1619 631 1708 ὑπερεκθεραπεύσας
657 1618 765 1689 αὐτόν
786 1623 841 1690 καὶ
861 1623 1159 1709 προσαγαγόμενος

200 1727 336 1792 ἔπειθεν
346 1723 430 1806 ε’μοῦ
440 1719 481 1788 τά
492 1724 600 1807 ψευδῆ
612 1736 878 1807 καταμαρτυρεῖν
888 1720 973 1808 πρός
983 1719 1081 1808 ὑμᾶς,
1093 1717 1157 1792 κάν

199 1819 381 1908 παρελθόν
394 1821 539 1910 ε’θελήση
562 1821 749 1907 σχετλιάσαι
769 1824 825 1891 καὶ
842 1825 967 1907 λέγειν,
989 1847 1034 1899 τις
1053 1827 1100 1901 είς
1108 1827 1159 1890 ot-
1226 1899 1227 1918 ¹

10 1941 11 1944 ’
130 1944 184 2000 320
202 1928 296 1991 κείαν
321 1918 429 1991 αὑτοῦ
456 1935 600 2008 γυναῖκα
621 1922 741 1990 καλί
705 1918 911 2006 αἰχμάλωτον
932 1924 1159 2037 γεγενημένην
1226 1919 1227 1957 ί

199 2015 1158 2109 πεπαρρόνηκα,πεντακοσίαςμλνήδηδραχμάςῦπισχυεῑτο

200 2113 292 2205 αύτρῦ
308 2119 447 2203 δύσειν,
470 2126 688 2198 πευτακοσιας
706 2117 774 2187 δ
758 2121 884 2205 ετέρας,
906 2119 1043 2188 ίπειδαν
1055 2147 1159 2190 κατα
1225 2179 1226 2196 ,

199 2214 403 2302 μαρτυρήσῃ.
426 2213 488 2283 ὁδ’
502 2215 592 2306 αῦτρῦ
603 2216 820 2302 ἀπεκρίνατο,
832 2243 877 2296 ας
888 2241 990 2296 αυτος
1002 2221 1156 2303 διηγεῖτο
1175 2235 1219 2287 155

200 2310 252 2380 ὅτι
263 2319 321 2397 τής
337 2311 399 2396 μὲν
417 2321 527 2399 φυγῆς
536 2283 592 2381 κάλ
603 2322 662 2399 τῆς
672 2314 845 2400 παρούσης
858 2311 998 2400 ἀπορίας
1009 2311 1103 2404 αῦτρῦ
1115 2313 1156 2382 ού

200 2408 412 2498 κακως,ἀλλ’
426 2406 944 2499 ωςοῖόντεάριοταστοχόζοιτο,
957 2412 1159 2497 τοῦδὲτρό-
1224 2431 1225 2447 ’

201 2533 267 2577 που
280 2516 434 2579 πλείστου
445 2519 494 2597 εδη
506 2511 750 2598 διημαρτηκός·
763 2509 933 2598 οὐδὲνγὰρ
947 2505 992 2578 ἀν
1003 2519 1159 2580 τοιοῦτον

200 2615 329 2694 πρᾶξαι.
350 2609 402 2680 ὅτι
418 2613 455 2682 δλ
471 2609 581 2699 ἀληθῆ
593 2614 690 2699 λέγω,
702 2609 808 2681 αύτδν
815 2608 1058 2698 Ἀριστοφάνην
1070 2635 1161 2696 μαρ-

200 2719 369 2798 τυροῦντα
394 2717 582 2799 παρέξομαι
617 2712 710 2781 κύλει
739 2739 796 2799 μοι
821 2709 1159 2798 Ἀριστοφάνην,τόν

197 2807 389 2895 Ὀλύνθιον,
403 2814 459 2879 καλ
466 2809 529 2897 τήν
539 2818 726 2899 μαρτυρίαν
742 2809 989 2896 ἀναγίγνωσκε,
1012 2805 1159 2886 καὶτοὺς

200 2902 385 2990 ἀκηκοότας
395 2904 503 2973 αὐτοῦ
513 2910 569 2976 καὶ
580 2907 665 2992 πρός
675 2908 730 2996 ἐμὲ
741 2906 967 2993 ἀγγείλαντας,
978 2906 1158 2988 Δερκύλον

198 2999 409 3082 Αύτοκλέους
433 2999 633 3088 Ἁγνούσιον
661 3010 717 3077 καὶ
735 3004 938 3092 Ἀριστείδην
963 3001 1158 3092 Εὐφιλήτου

198 3100 363 3184 Κηφισιά.

498 3208 805 3272 MAPTYPIAI.

286 3297 435 3384 Τῦυμὲυ
443 3293 1154 3422 μαρτύρωυδιομνυμίυυνκμλμαρτυρούν-
1174 3308 1218 3364 156

197 3421 264 3463 των
277 3394 432 3465 ἀκούετε·
451 3424 510 3478 τας
523 3395 556 3465 δ
568 3396 726 3475 ἀνοσίους
736 3396 858 3475 ταύτας
868 3399 992 3482 τέχνας,
1004 3390 1043 3472 ἃς
1057 3383 1157 3471 οὖτος

130 3509 179 3565 λιι
196 3491 282 3575 πρὸς
298 3494 378 3571 τοῦς
396 3499 493 3574 νέους
508 3499 740 3581 ἐπαγγέλλεται
750 3496 805 3563 καλ
822 3498 975 3580 κέχρηται
995 3489 1071 3559 νυνὶ
1082 3494 1154 3560 κατ’
