2510 3948
123 215 184 280 152
463 214 717 272 ΑΙΣΧΙΝΟΤ

52 390 104 444 500
123 373 309 457 ύνδρόςκαὶ
319 379 542 458 νομοθετῆσαι
556 375 702 438 δυνατοῦ
720 372 860 455 καὶπερὶ
872 376 1009 456 ποίησιν
1020 371 1078 438 καὶ

122 479 324 560 φιλοσοφίαν
354 471 616 558 διατετριφότος,
645 469 889 554 ἐπιστρατεύειν
918 472 972 537 ἐπὶ
995 471 1076 548 τοῦς

120 575 247 657 ἐναγεῖς
263 569 346 640 κατὰ
362 571 423 656 τὴν
439 575 599 656 μαντείαν
613 577 676 638 τοῦ
691 575 792 638 θεοῦ·
814 571 870 636 καὶ
886 575 1075 653 συναθροί-
1093 570 1135 626 109

121 692 238 748 σαντες
256 668 401 753 δύναμιν
417 667 538 754 ἱκανὴν
554 676 622 735 τών
638 665 892 753 Ἀμφικτυόνων
912 667 1075 752 ἐξηνδρα-

53 785 102 837 501
123 771 302 835 ποδίσαντο
322 767 402 846 τοῦς
423 763 626 852 ἀνθρώπους
646 767 702 833 καὶ
724 762 784 833 τόν
806 765 924 850 λιμένα
946 770 1076 849 ἐχωσαν

121 871 175 934 καί
192 863 255 954 τὴν
270 863 368 933 πόλιν
385 864 498 932 αύτιῦν
514 869 727 943 κατέσκαψαν
742 865 799 932 καὶ
814 860 876 949 τὴν
886 862 1002 948 χώραν
1012 860 1074 930 αύ-

122 974 189 1033 τών
211 965 424 1048 καθιέρωσαν
441 961 523 1031 κατὰ
539 960 602 1050 τὴν
617 968 791 1050 μαντείαν·
813 963 868 1030 καί
879 963 933 1030 ἐπὶ
944 961 1075 1040 τούτοις

122 1060 225 1149 ὅρκον
241 1058 376 1148 ώμοσαν
394 1059 532 1148 ίσχνρόν
549 1057 625 1147 μήτ’
646 1057 741 1129 αὐτοὶ
757 1057 821 1148 τήν
834 1059 931 1144 ίερδν
940 1067 1007 1145 γῆν
1018 1063 1074 1144 ἐρ-

119 1159 283 1245 γάσεσθαι
299 1155 374 1245 μήτ’
396 1156 485 1248 ἅλλφ
503 1161 704 1244 ἐπιτρίψειν,
726 1154 810 1227 ἀλλὰ
829 1156 1014 1245 βοηθήσειν
1024 1165 1074 1245 τῷ

119 1265 191 1348 θερί
207 1257 263 1325 καὶ
278 1263 320 1344 τῇ
336 1264 379 1344 γῇ
397 1265 438 1346 τῇ
454 1260 528 1345 ἱερᾷ
543 1257 598 1324 καὶ
612 1258 695 1342 χειρί
711 1258 766 1324 καὶ
782 1257 859 1324 ποδὶ
878 1258 944 1340 [καὶ
959 1261 1069 1342 φωνῇ]

120 1359 175 1424 καί
188 1356 278 1443 πόση
293 1354 442 1441 δυνάμει.
463 1356 519 1422 καὶ
536 1352 598 1422 οῦκ
616 1352 801 1440 ἀπέχρησεν
817 1351 932 1432 αὐτοῖς
951 1359 1071 1422 τοῦτον
1089 1359 1135 1412 110

120 1451 226 1538 μόνον
244 1451 303 1520 τόν
318 1449 422 1536 ὅρκον
439 1448 575 1538 ὀμόσαι,
599 1450 683 1520 ἀλλὰ
701 1455 755 1519 καὶ
778 1452 995 1538 προστροπὴν
1016 1453 1075 1520 καὶ

53 1571 102 1624 502
122 1548 210 1667 ἀρὰν
237 1547 378 1633 ἰσχυρὰν
399 1545 483 1633 ὑπὲρ
504 1549 633 1618 τούτων
654 1548 858 1636 ἐποιήσαντο.
851 1529 1075 1718 ίγόμραπται

118 1647 182 1734 γὰρ
194 1643 299 1724 οὕτως
316 1649 401 1713 ἐν
363 1673 402 1736 τη
414 1645 497 1736 δρᾷ,
518 1657 576 1732 ,,εί
584 1676 632 1730 τις
643 1649 745 1717 τύδε“
757 1651 839 1736 φησί
848 1699 870 1735 ,‚
896 1655 1075 1738 αραβαίνοι

118 1772 139 1830 η
126 1741 248 1822 ’πόλις
262 1771 284 1831 η
272 1739 464 1831 ”ίδιώτης”
441 1772 462 1832 η
472 1751 590 1832 ἔθνος,
614 1747 757 1832 ἐναγὴς“
775 1751 878 1834 φησίν
889 1753 997 1835 ,,ἐστω
1009 1757 1073 1816 τοῦ

115 1841 324 1924 ’Λπόλλωνος
339 1845 394 1913 καὶ
410 1853 467 1932 τῆς
484 1842 668 1931 Ἀρτέμιδος
685 1848 742 1915 καὶ
757 1851 889 1932 Λητοῦς
905 1843 977 1916 καὶ
972 1855 1075 1932 Αθη-

118 1970 180 2022 νας
195 1952 371 2030 Προνοίας.
374 1951 395 1990 “
416 1946 472 2014 καὶ
488 1943 657 2029 ἐπεύχεται
672 1940 785 2023 αὐτοῖς
800 1944 881 2032 μήτε
898 1951 963 2031 γῆν
985 1971 1069 2029 καρ-
1088 1960 1137 2014 ul

119 2039 204 2118 πούς
221 2046 353 2128 φέρειν,
375 2043 457 2130 μήτε
472 2055 633 2129 μυναλκας
650 2047 750 2110 τέκνα
769 2051 892 2112 τίκτειν
910 2053 1071 2130 γονεῦσιν

118 2139 263 2225 ἐοικότα,
285 2139 368 2208 ἀλλὰ
385 2144 518 2226 τέρατα,
541 2145 625 2228 μηδὲ
643 2143 837 2229 βοσκήματα
858 2141 941 2212 κατὰ
963 2143 1071 2230 φύσιν

117 2235 220 2323 γονόις
237 2247 420 2323 ποιεῖσθαι,
439 2231 542 2326 ἧτταν
559 2241 595 2310 δὲ
609 2238 723 2320 αύτοις
740 2241 825 2309 εἶναι
846 2245 992 2327 πολέμου
1013 2243 1071 2310 καὶ

118 2343 222 2408 δικῶν
238 2341 293 2406 καί
308 2334 456 2424 ἀγορῶν,
478 2340 534 2408 καί
549 2337 678 2419 ἐξώλεις
693 2337 777 2408 εῖναι
792 2341 847 2408 καὶ
869 2337 992 2422 αύτούς
1013 2342 1072 2408 καί

118 2446 223 2518 οἰκίας
243 2441 299 2508 καὶ
322 2441 419 2525 γένος
438 2437 475 2506 τό
498 2441 645 2509 ἐκείνων.
682 2443 765 2526 ,,καλ
786 2440 942 2527 μήποτε“
964 2442 1072 2525 φησὶν

117 2535 241 2622 ,,ὁσίως
255 2537 400 2624 θύσειαν
414 2544 462 2628 τῷ
477 2534 660 2607 ’Λπόλλωνι
670 2539 754 2625 μηδὲ
763 2545 804 2627 τῇ
815 2537 975 2624 Ἀρτέμιδι
985 2540 1069 2624 μηδὲ

116 2643 156 2724 τῇ
170 2634 362 2723 Λητοτμηδ
376 2633 504 2726 Ἀθηνςὶ
513 2643 680 2727 Προνοίᾳ,
702 2636 785 2724 μηδὲ
795 2639 941 2717 δέξαιντο
953 2634 1070 2716 αὐτοῖν

116 2731 156 2801 τὰ
168 2733 276 2819 ίερύ.“
297 2731 348 2802 ὅτι
361 2731 392 2801 δ’
412 2731 524 2822 ἀληθῆ
535 2739 635 2820 λέγω,
647 2732 823 2820 τίνα’μνωθι
837 2731 971 2820 τὴντοῦ
980 2741 1069 2802 θεοῦ
1086 2748 1140 2802 112

116 2836 282 2917 μαντείαν.
305 2827 470 2901 όκούσατε
487 2841 546 2920 τῆς
563 2829 653 2918 όροῖς.
679 2830 917 2918 ἀναμνήσθητε
927 2838 994 2900 τῶν
1005 2829 1066 2910 όρ-

48 2951 100 3004 503
118 2956 203 3016 κων,
226 2923 286 3007 οῦς
301 2921 398 3014 ῦμών
416 2930 450 2996 οί
465 2928 626 3016 πρόγονοι
642 2926 722 3016 μετύ
735 2935 804 2997 τών
812 2926 1066 3014 Ἀμφικτυόνων

114 3028 357 3182 συνώμοσαν.)
479 3132 695 3196 MANTEJA

157 3220 221 3310 [οό
232 3226 311 3307 πρὶν
320 3229 420 3313 τῆσδε
431 3224 555 3312 πόληος
564 3213 707 3309 ἐρείψετε
718 3224 851 3309 πύργον
861 3223 1002 3308 ἑλόντες,

156 3329 236 3404 πρίν
243 3348 281 3407 με
291 3331 379 3392 θεοῦ
388 3326 514 3411 τεμένει
525 3320 952 3408 κυανώπιδοςἈμφιτρίτης

155 3421 244 3500 κῦμα
256 3421 433 3507 ποτικλύζῃ
445 3426 610 3490 κελαδοῦν
621 3423 761 3504 ἱεραῖσιν
771 3417 821 3489 ἐπ’
834 3418 969 3498 ἀκταία]
