2510 3948
334 248 463 308 ΚΑΤΑ
484 248 864 309 ΚΤΗΣΙΦΩΝΤΟΣ.
1007 249 1070 314 127

252 412 582 476 ΔΙΑΛΟΓΙΣΜΟΣ
603 413 701 477 ΤΩιΝ
718 413 927 478 ΗΜΕΡΩΝ.

204 502 343 572 Οὐκοῦν
359 509 390 571 εί
405 503 509 589 μηδὲν
520 509 567 571 έτι
582 509 764 590 περαιτέρω
781 508 905 574 τούτου
917 513 1066 594 δείξαιμι,
1082 516 1133 574 417

117 606 252 680 δικαίως
262 597 306 669 ἄν
317 597 482 670 ἁλίσκοιτο
492 609 691 689 Κτησιφῶν·
714 607 802 688 αίρεῑ
815 603 880 689 γὰρ
892 605 997 674 αὐτὸν
1006 604 1067 692 οὐχ

114 701 136 791 ἡ
147 708 328 789 κατηγορία
339 699 361 790 ἡ
372 701 450 789 ἐμὴ,
462 700 546 772 ἀλλὰ
557 701 597 770 τὰ
608 700 748 788 δημόσια
759 705 943 791 γράμματα.

59 808 99 862 25
199 806 341 883 Προδτον
358 801 421 886 μὲν
436 805 568 886 τοίνυν,
593 793 819 888 ὦἈθηναῑοι,
840 800 1064 889 ἀντιγραφεὺς

114 892 157 986 ἦν
167 895 394 987 χειροτονητὸς
403 906 446 986 τῇ
455 899 564 982 πόλει,
576 895 612 978 ὃς
623 896 698 967 καθ’
712 898 853 986 ἑκάστην
862 907 1065 986 πρυτανείαν

114 997 323 1083 ἀπελογίζετο
334 994 392 1075 τὰς
403 998 591 1081 προσόδους
600 1005 649 1086 τῷ
660 997 772 1087 δήμῳ·
792 996 846 1064 διὰ
858 998 894 1068 δὲ
906 996 969 1085 την
980 996 1064 1081 πρὸς

112 1095 291 1183 Εὔβουλον
302 1099 486 1182 γενομένην
502 1102 613 1164 πίστιν
629 1095 710 1182 ὑμῖν
724 1100 759 1164 οί
773 1097 826 1166 ἐπὶ
841 1095 879 1165 τὸ
892 1095 1063 1184 θεωρικόν
1077 1118 1131 1173 418

111 1198 413 1282 κεχειροτονημένοι
424 1188 527 1282 ἦρχον
537 1197 608 1281 μὲν,
618 1197 698 1281 πρὶν
711 1190 733 1281 ἦ
743 1191 992 1282 τὰυἩγήμονος
1002 1197 1062 1264 νό-

112 1319 178 1380 μου
188 1300 363 1380 γενέσθαι,
381 1291 443 1382 την
454 1301 516 1361 τοῦ
526 1292 754 1378 ἀντιγραφέως
766 1289 887 1378 ἀρχὴν,
908 1286 1013 1378 ἦρχον
1024 1293 1060 1362 δὲ

110 1391 177 1477 τὴν
187 1399 255 1460 τοῖν
265 1391 469 1477 ἀποδεκτῶν,
475 1393 531 1460 καὶ
542 1391 683 1478 νεώριον
693 1395 747 1459 καλ
753 1390 967 1478 σκευοθήκην
976 1389 1063 1482 φ’κο-
1078 1409 1131 1466 419

113 1489 258 1575 δέμουν,
277 1483 364 1576 ἦσαν
376 1490 412 1558 δὲ
423 1491 479 1556 καὶ
489 1486 637 1557 ὁδοποιοὶ
648 1491 704 1558 καὶ
714 1485 833 1575 σχεδὸν
843 1485 905 1575 τὴν
916 1485 999 1574 ὅλην
1009 1493 1062 1556 δι-

57 1592 94 1646 ²6
112 1594 242 1674 οίκησιν
259 1587 346 1673 εἶχον
361 1595 419 1671 τῆς
434 1585 570 1664 πόλεως.
604 1588 659 1654 καὶ
676 1584 717 1654 οὐ
735 1593 930 1672 κατηγοροῖν
948 1583 1062 1654 αὐτῶν

110 1682 186 1754 οὐδ’
197 1689 355 1770 έπιτιμοῖν
366 1688 462 1768 λέγω,
470 1680 538 1748 ἀλλ’
549 1685 654 1750 έκεῖνο
666 1681 746 1769 ὑμῖν
757 1687 965 1764 ἐνδείξασθαι
975 1685 1060 1772 βού-

108 1791 227 1870 λομαι,
249 1780 302 1849 ὅτι
319 1777 338 1848 ὁ
355 1781 418 1866 μὲν
434 1781 636 1866 νομοθέτης,
658 1781 717 1848 έοίν
733 1806 781 1858 τις
795 1789 872 1866 μιοῖς
882 1780 985 1868 ἀρχῆς
1002 1791 1060 1868 τῆς

107 1884 280 1965 ἐλαχίστης
289 1876 484 1957 ὑπεύθυνος
495 1871 532 1965 ᾗ,
543 1884 663 1945 τοῦτον
675 1874 738 1944 οὐκ
749 1879 804 1966 ἐᾷ,
815 1879 895 1961 πρὶν
905 1875 948 1946 ἄν
959 1881 1061 1965 λόγον

108 1980 165 2046 καλ
184 1974 335 2056 εὐθύνας
350 1981 415 2064 δῷ,
438 1983 644 2062 στεφανοῦν,
666 1974 684 2045 ὁ
703 1979 739 2044 δὲ
748 1983 932 2064 Κτησιφῶν
943 1988 1061 2066 Δημο-

112 2080 241 2162 σθένηυ
256 2073 317 2144 τὸν
333 2072 523 2163 συλλήβδην
539 2073 669 2155 ἁπάσας
684 2073 942 2165 τοὶςἈθήνησιν
957 2077 1060 2166 ἀρχᾶς

32 2245 34 2250 ,
110 2201 255 2260 αρχοντα
265 2200 328 2243 ουκ
339 2173 467 2262 ωκνησε
478 2176 603 2261 γραψαι
613 2182 834 2261 στεφανωσαι

58 2285 94 2339 27
192 2271 248 2352 Ὡς
265 2281 382 2342 τοίνυν
398 2271 505 2343 καὶ
469 2300 818 2362 τηντωντειχοαοιων
828 2271 1057 2364 αρχηνηρχεν,

110 2369 165 2441 ὅθ’
178 2365 274 2453 οὗτος
284 2371 320 2442 τὸ
334 2375 488 2466 ψήφισμα
500 2379 638 2460 ἔγραψε,
656 2374 762 2444 καίτοι
776 2377 917 2461 δημόσια
928 2377 1058 2460 χρήμα-

108 2497 150 2540 τα
161 2476 326 2559 διεχείριζε
337 2476 392 2541 καὶ
403 2476 457 2541 έπι
479 2473 540 2541 ολὰ
542 2477 743 2559 ςέπέβαλλε,
755 2473 909 2552 καθαπερ
921 2497 952 2538 οι
945 2470 1058 2542 αλλοι
1073 2497 1128 2550 420

110 2569 283 2657 ἄρχοντες,
295 2574 352 2640 καὶ
364 2575 522 2656 δικαστηρ
537 2597 584 2638 ων
594 2569 772 2657 ἡγεμονίας
783 2570 964 2656 ἐλάμβανε,
976 2573 1057 2640 τού-

107 2697 178 2738 των
188 2668 268 2757 ὖμῖν
278 2668 382 2738 αὐτὸν
391 2673 619 2756 Δημοσθένην
631 2671 687 2735 καὶ
697 2673 920 2752 Κτησιφῶντα
929 2668 1058 2753 μάρτυ-

108 2795 170 2851 ρας
181 2773 370 2855 παρέξομαι
398 2769 451 2838 ἐπὶ
467 2765 532 2854 γὰρ
543 2766 742 2853 Χαιρώνδου
756 2762 915 2850 ἄρχοντος
925 2776 1057 2854 θαργη-

107 2874 229 2946 λιῶνος
255 2866 385 2954 μηνὸς
385 2867 523 2952 δευτέρα
552 2871 735 2952 φνθίοντος
764 2867 936 2951 ἐκκλησίας
956 2864 1059 2952 οὔσης
1073 2883 1123 2940 421

108 2967 233 3049 ἔγραψε
259 2965 413 3052 ψήφισμα
434 2968 658 3053 Λημοσθένης
683 2961 811 3049 ἆγορᾶν
831 2971 967 3050 ποιησαι
988 2990 1057 3032 των

108 3069 231 3149 φυλῶν
246 3073 510 3150 σκιροφοριῶνος
527 3069 621 3150 δευηε
606 3067 666 3186 e'Q
685 3066 862 3150 ίμσταένου
880 3064 935 3142 καὶ
952 3067 1055 3152 τρίτη,

106 3164 163 3230 καλ
173 3165 327 3243 ἐπέταξεν
338 3167 375 3232 ἐν
385 3190 430 3230 τω
419 3169 527 3249 ψηφί
525 3182 623 3249 σματι
633 3162 844 3246 εκαστηςτωυ
855 3167 975 3244 φυλυυ
986 3164 1056 3229 ελε
1072 3171 1124 3226 422

107 3259 191 3328 σθαι
201 3285 280 3339 τους
290 3262 636 3347 έπιμεληθησομένους
651 3266 719 3326 τοῖν
736 3264 844 3342 ἔργων
854 3254 957 3323 ἐπλτα
967 3266 1055 3344 τείχη
1156 3261 1163 3274 ”

107 3359 164 3427 καὶ
174 3365 302 3446 ταμίας,
309 3359 364 3428 καὶ
376 3359 466 3443 μα’λα
476 3357 626 3445 ὀρθῶς,“
611 3384 644 3424 ιν
641 3353 786 3440 ’ἡπόλις
796 3358 854 3440 ἔχη
874 3350 1054 3421 ὑπεύθυνα
