2474 3946
290 245 408 303 ΠΕΡΙ
425 242 856 302 ΠΑΡΑΠΡΕΣΒΕΙΑΣ
996 238 1054 303 115

26 415 75 471 178
93 406 201 488 δῆμος
221 403 427 470 καταλύεται.
467 393 561 468 οὗτοι
579 407 647 468 νύν
667 398 714 469 ἐπ’
735 401 791 486 έμδ
811 401 1057 484 συστραφέντες

92 521 234 586 ηκουσι,
254 503 309 569 καί
319 501 402 586 φασί
417 499 479 585 μὲν
488 496 549 566 τὸν
559 505 725 566 Φίλιππον
735 495 797 583 τήν
809 498 944 584 εἰρήνην
955 503 1054 583 πρία-

92 607 177 666 σθαι
193 601 249 667 καὶ
259 604 441 684 προλαβεῖν
456 593 552 684 ήμῶν
568 597 606 663 ἐν
622 608 692 672 ταῖς
710 595 895 681 συνθήκαις
911 594 1053 681 ἅπαντα,

92 693 137 782 ἣν
149 694 181 764 δ’
194 693 295 773 αύτός
306 686 406 780 εύρεν
418 693 556 780 εἰρήνην
567 689 657 782 αύτῳ
668 696 918 779 συμφέρουσαν,
930 693 1056 780 ταύτην
1071 701 1122 756 341

93 795 370 880 παραβεβηκέναι.
402 791 459 878 ἐμὲ
472 791 503 860 δ’
516 789 577 876 οὐχ
589 789 634 870 ὠς
648 789 858 876 πρεσβευτήν
868 796 1052 878 κρίνουσιν,

93 888 163 960 ἀλλ’
178 888 223 970 ὦς
242 888 406 975 ἐγγυητήν
417 895 585 959 Φιλίππου
601 892 656 958 καὶ
672 896 730 976 τῆς
746 888 893 975 εἰρήνης·
925 893 980 958 καί
993 886 1052 956 τδν

93 993 165 1054 τῶν
180 985 291 1072 λόγων
308 987 429 1070 κύριον
448 985 505 1066 τὰς
522 996 591 1058 τοῖν
606 993 714 1072 ἔργων
736 992 938 1074 προσδοκίας
954 985 1054 1054 ύποιι-
1069 996 1121 1050 342

92 1095 199 1156 τοῦσι.
223 1086 283 1157 τὸν
295 1086 399 1156 αύτδν
410 1091 446 1156 δὲ
457 1091 495 1155 έν
504 1088 566 1174 μὲν
577 1101 646 1168 τοίς
655 1092 866 1174 ψηφίσμασιν
877 1091 1052 1172 ἐπαινέτην

93 1187 256 1270 δείκνυμι,
267 1187 305 1252 ἐν
316 1185 352 1254 δέ
361 1193 409 1274 τῷ
420 1189 617 1274 δικαστηρίῳ
628 1184 803 1273 κατηγόρῳ
814 1192 980 1272 κέχρημαι.
998 1187 1055 1252 δέ·-

93 1307 194 1360 κατος
205 1279 237 1348 δ’
250 1277 350 1360 αύτδς
361 1279 566 1367 πρεσβεύσας
576 1280 678 1367 μόνος
695 1278 754 1360 τὰς
764 1278 914 1360 εὐθύνας
926 1285 1054 1366 δίδωμι.

31 1398 76 1454 ’,79
93 1375 264 1466 κύμοίμὲν
276 1385 310 1448 οἰ
318 1379 577 1465 συνδεησόμενοι
588 1371 742 1466 πάρεισιν
751 1376 849 1464 ὑμῶν
859 1376 967 1464 πατήρ
980 1380 1054 1464 μὲν,

97 1467 142 1540 ού
159 1476 214 1555 τοὶς
232 1485 293 1544 τοῦ
309 1478 418 1564 γήρως
435 1479 567 1556 ἐλπίδας
584 1475 628 1560 μή
645 1474 836 1564 ἀφέλησθε,
856 1474 995 1562 ἀδελφοὶ
1006 1475 1053 1559 δὲ,

95 1579 132 1642 οἳ
140 1578 345 1660 διαζυγέντες
360 1579 443 1661 ἐμοῦ
458 1581 517 1660 ζῆν
534 1571 596 1642 οὐκ
607 1573 651 1640 δν
668 1578 876 1658 προέλοιντο,
899 1575 1054 1660 κηδεσταί

95 1676 150 1758 δὲ,
173 1676 229 1742 καὶ
244 1676 337 1742 ταυτὶ
354 1673 415 1759 μέν
428 1671 468 1740 τὰ
480 1671 580 1758 μικροὶ
592 1678 705 1741 παιδία
716 1678 770 1742 καὶ
781 1673 860 1754 τοὺς
870 1674 1053 1762 κινδύνους

94 1769 193 1838 ούπω
205 1775 373 1854 συνιέντα,
395 1769 519 1837 ἐλεεινὰ
532 1767 577 1853 δ’,
595 1779 629 1838 εί
635 1797 666 1838 τι
676 1771 878 1857 συμβήσεται
893 1771 976 1858 ἡμῖν
987 1797 1053 1840 πα-

92 1879 184 1936 θεῖν.
208 1864 290 1951 ὑπὲρ
303 1858 352 1934 ὦν
362 1866 425 1952 ἐγοδ
437 1872 551 1955 δέομαι
562 1869 617 1938 καὶ
627 1868 763 1936 ἰκετεύω
781 1871 1055 1957 πολλήνπρόνοι-
1070 1883 1121 1938 343

94 1992 138 2034 αυ
150 1964 355 2050 ποιήσασθαι
382 1968 437 2034 καί
447 1966 491 2053 μή
504 1980 570 2046 τοῖς
582 1971 714 2053 ἐχθροῖς
724 1965 847 2048 αύτούς
857 1968 936 2057 μηδ’
946 1969 1053 2038 ύνύν-

95 2068 165 2152 δρῳ
184 2065 240 2131 καί
256 2070 433 2153 γυναικείῳ
448 2061 619 2156 ύνθροέπῳ
636 2063 821 2156 τήνόργήν
831 2071 1049 2152 παραδοῦναι.

39 2179 80 2232 180
96 2166 276 2243 παρακαλῶ
299 2160 335 2228 δὲ
355 2164 410 2229 καὶ
434 2162 569 2231 ίκετεύω
581 2168 691 2231 σῶσαί
703 2188 744 2249 με
755 2165 961 2254 πρῶτονμὲν
972 2165 1051 2246 τούς

97 2257 209 2342 θεούς,
223 2257 379 2343 δεύτερον
390 2256 423 2324 δ’
439 2254 525 2344 ὑμᾶς
535 2257 615 2338 τούς
626 2267 682 2346 τῆς
691 2261 809 2348 ψήφου
825 2273 978 2348 κυρίους,
1000 2260 1049 2344 οἷς

96 2354 160 2440 ἐγω
170 2353 254 2438 πρὸς
264 2357 404 2424 ἕκαστον
421 2363 490 2424 τῶν
506 2361 784 2444 κατηγορημένων
794 2364 841 2438 εἰς
851 2361 986 2445 μνήμην
1001 2359 1049 2427 εἰ·

95 2481 148 2522 ναι
165 2453 227 2540 τήν
238 2453 320 2540 ἐμήν
337 2452 597 2542 ἀπολελόγημαι,
619 2457 675 2524 καί
692 2461 806 2542 δέομαι
822 2463 931 2526 σῶσαί
943 2483 983 2542 με
994 2462 1050 2526 καί

97 2551 137 2638 μή
150 2559 198 2642 τῳ
216 2552 416 2640 λογογράφῳ
435 2553 491 2618 καὶ
506 2553 630 2639 Σκύθῃ
646 2558 873 2636 παραδοῦναι,
895 2551 970 2622 ὅσοι
986 2555 1047 2640 μὲν

97 2646 191 2735 ὑμῶν
201 2653 337 2737 πατέρες
348 2650 411 2717 εἰσί
422 2652 549 2716 παίδων
567 2643 588 2733 ἢ
604 2654 786 2732 νεωτέρους
797 2647 964 2736 ἀδελφούς
976 2657 1051 2737 περὶ
1064 2672 1117 2726 344

97 2759 222 2822 πολλοῦ
232 2760 397 2835 ποιεῖσθε,
409 2748 694 2836 ἀναμνησθέντες,
712 2747 1049 2839 δτιτήντήςσωφρο-

98 2849 198 2938 σύνης
223 2848 432 2938 παράκλησιν
460 2846 514 2916 διὰ
540 2853 598 2934 τής
624 2850 699 2934 περὶ
723 2854 889 2935 Τίμαρχον
910 2856 1049 2937 κρίσεως

50 2968 87 3024 181
99 2943 298 3036 ἀειμνήστως
324 2945 448 3027 αύτούς
473 2949 719 3033 παρακέκληκα,
758 2944 838 3028 τούς
866 2947 899 3017 δ’
927 2949 1048 3027 ἄλλους

100 3041 259 3134 ἅπαντας,
271 3041 320 3126 οἷς
330 3043 473 3134 έμαυτδυ
484 3044 613 3113 ἄλυπον
624 3048 837 3134 παρέσχημαι,
844 3045 906 3132 τήν
916 3045 977 3132 μὲν
987 3046 1049 3116 τύ·

102 3139 864 3230 χηνἰδιοότηςδνκαὶτοῖςμετρίοιςύμοδνὸμοιος,
886 3145 923 3210 ἰν
935 3145 1046 3223 δὲτοίς

104 3251 274 3320 πολιτικοῖς
291 3239 395 3326 ἆγοῖσι
411 3241 514 3327 μόνος
529 3247 596 3308 τῶν
608 3240 720 3308 ἄλλων
735 3238 785 3325 ἐφ’
797 3236 884 3325 ὑμᾶς
895 3237 937 3308 ού
948 3261 1049 3309 συνε-
1064 3259 1114 3314 345

26 3377 27 3388 1
104 3340 238 3424 σνηκοός·
271 3344 353 3408 αἰτοῖ
370 3337 445 3422 παρ’
458 3335 555 3423 ὑμῶν
570 3336 633 3424 τήν
648 3343 830 3422 σωτηρίαν,
848 3333 928 3421 μετὰ
939 3337 1046 3425 πόσης

104 3430 227 3518 εύνοίας
243 3444 284 3526 τῇ
300 3436 395 3504 πόλει
411 3433 664 3523 πεπρεσβευκώς
680 3435 737 3502 καί
751 3432 1048 3588 μόνοςςήπομείνας
