2474 3946
196 261 238 327 82
553 261 809 322 ΑΙΣΧΙΝΟΥ

198 451 262 510 ραν
273 421 411 506 καιροὺς
421 424 580 508 λέγονται.
612 435 702 488 ποιεῖ
713 424 827 507 δέμον
837 421 900 509 τήν
917 425 1152 510 δημηγορίανὸ

129 537 182 592 244
201 523 263 609 μὲν
273 521 458 608 κατήγορος
470 517 653 606 διαιρετήν,
676 517 713 586 τὸ
726 520 883 606 ψήφισμα
898 524 1001 589 δὲκαὶ
1012 519 1153 609 τάληθὲς

197 626 291 707 μίαν·
313 620 424 705 λόγων
434 617 500 705 γάρ
511 616 555 706 μή
568 619 802 702 προτεθέντων
812 624 860 697 είς
868 615 933 706 τήν
942 616 1086 706 ὑστέραν
1097 623 1153 688 έκ-

196 724 353 806 ιιλησίαυ,
375 726 445 786 τῶν
463 718 499 787 δὲ
518 721 692 802 προέδρων
714 715 914 786 κωλυόντων
930 716 995 785 οὐκ
1012 723 1093 804 ένήν
1108 725 1152 786 εί-

197 831 280 886 πεδν.
313 823 348 884 τί
361 816 398 887 δέ
415 819 470 884 καὶ
486 816 707 904 βουλόμενος,
731 826 822 900 είπερ
839 815 943 886 ταύτὰ
956 818 1150 902 Φιλοκράτει

197 917 409 1002 προειλόμην,
417 915 627 1002 κατηγόρουν
638 916 699 1001 μὲν
711 914 793 1000 πρὸς
803 915 882 994 τους
892 913 1017 994 αὐτοὺς
1027 914 1149 1000 άκροα-

197 1015 256 1094 πίις
271 1021 311 1102 τῇ
329 1022 524 1104 προτεραίᾳ,
545 1019 625 1100 μίαν
642 1015 678 1084 δέ
696 1015 801 1082 νύκτα
822 1014 985 1082 διαλιπών
1006 1016 1148 1102 συνηγό-

198 1138 300 1200 ρουνς
322 1113 445 1195 πότερα
458 1110 501 1191 ὡς
512 1109 611 1190 αὐτὸς
628 1108 851 1200 εὐδοξήσωνή
867 1108 911 1192 ὦς
922 1115 1052 1181 ἐκεῖνον
1064 1112 1148 1199 ω’φε-

198 1212 326 1299 λήσων;
357 1208 427 1278 ἀλλ’
439 1208 501 1278 οάκ
518 1213 599 1297 ένῆν
617 1206 787 1295 ἀμφότερα
808 1211 1057 1295 ἐξενέγκασθαι,
1080 1210 1146 1279 άλλ’

199 1310 264 1379 ὑπὸ
277 1309 413 1378 πάντων
424 1312 485 1395 μὲν
495 1317 675 1396 μισεῖσθαι,
688 1315 858 1391 περαίνειν
868 1312 905 1378 δὲ
915 1315 1028 1396 μηδέν.

284 1411 388 1478 Κάλει
401 1412 439 1477 δέ
447 1434 503 1495 μοι
514 1412 568 1474 καὶ
584 1405 770 1494 ’Λμύντορα
780 1406 841 1476 τὸν
862 1410 989 1500 Ἐρχιᾶ,
1018 1412 1073 1478 καὶ
1089 1409 1185 1496 τήνςχ

199 1516 384 1597 μαρτυρίαν
395 1506 578 1592 ἀνάγνωθι.
613 1505 836 1593 ὃνδὲπρόπον
848 1513 1046 1595 γέγραπται,
1067 1535 1148 1593 προ-

198 1615 344 1678 διελθεῖν
356 1604 616 1693 ὑμίνβούλομαι.
646 1622 808 1694 μαρτυρεῖ
819 1606 988 1694 Ἀμύντωρ
999 1615 1147 1696 Αἰσχίνῃ,

198 1705 252 1773 ὅτε
269 1704 463 1824 ἐβουλεύετρ
481 1702 498 1771 ὁ
518 1709 621 1792 δήμος
635 1708 709 1788 περὶ
726 1714 783 1791 τῆς
800 1714 983 1793 συμμαχίας
999 1715 1057 1794 τῆς
1068 1707 1149 1793 πρὸς

198 1811 366 1874 Φίλιππον
378 1802 461 1874 κατά
478 1831 515 1874 το
504 1805 771 1892 Δημοσθένους
782 1804 969 1893 ψήφισμα’
952 1833 991 1874 εν
1000 1815 1042 1894 τῇ
1052 1804 1149 1874 ὑστέ-

198 1932 240 1994 ρᾳ
251 1932 319 1975 των
327 1911 425 1975 δυοίν
433 1903 657 2072 έκκλήσιων,”
638 1929 693 1972 οτε
704 1901 766 1973 οὐκ
778 1906 854 1991 έξήν
866 1910 1071 1993 δημηγορειν,
1088 1904 1151 1973 άλ-
1213 1847 1215 1944 4

129 2012 182 2067 245
197 2004 239 2070 λά
250 2003 289 2071 τά
301 2007 374 2088 περι
385 2013 442 2091 τῆς
455 2031 470 2071 ε
472 2006 589 2092 ίρήνης
605 2006 660 2072 καὶ
675 2011 858 2091 συμμαχίας
868 2011 1057 2092 ψηφίσματα
1069 2005 1150 2072 έπε-

197 2104 391 2184 ψήφίζετο,
376 2125 412 2165 εν
422 2126 526 2188 ταυτη
537 2127 577 2187 πή
565 2106 976 2191 έκκλησίαΔημοσθενην
986 2105 1148 2182 επιδείξα
1161 2123 1186 2176 68

197 2205 279 2264 σθαι
298 2198 581 2284 παρακαθήμενον
602 2202 758 2289 ψήφισμα
777 2203 1007 2289 γεγραμμένον
1029 2204 1147 2293 ἑαυτῷ,
1211 2223 1212 2297 γ

197 2296 271 2389 ἐφ’
259 2325 285 2364 ω
274 2289 579 2385 ἐπεγέγραπτο
544 2326 580 2368 το
592 2299 873 2388 Δήμοσθένονς”
853 2327 978 2388 ονομα,
999 2301 1089 2371 καὶ’
1067 2329 1150 2371 ανα-

196 2397 510 2468 ιιοινοῦσθαιαύτόν
527 2397 671 2492 αὑτω,ε
656 2403 777 2492 είδρλέ
777 2406 954 2520 πιψηφίσριι
969 2414 1037 2480 τοῖς
1051 2407 1150 2485 προέ-

95 2507 116 2542 ’
126 2513 178 2568 246
195 2502 301 2582 δροις,
314 2503 368 2567 καί
379 2497 531 2586 είναι,έφ’
543 2497 638 2580 οἷς
603 2507 706 2587 τηνεί
707 2500 812 2587 ρήνήν
822 2500 924 2569 καὶ
887 2526 949 2585 την
960 2507 1149 2586 συμμαχίαν

198 2602 320 2682 ἔγραψε
332 2609 517 2683 ποιεῖσθαι,
538 2597 803 2686 έπὶτοῑςαύτοίς,
826 2597 874 2685 ἐφ’
887 2593 1002 2683 οἷσπερ
1021 2602 1077 2668 καί
1089 2607 1149 2667 Φι-
1208 2585 1209 2654 ί

197 2696 359 2781 λοκράτης
370 2699 553 2783 ἐγεγράφει.
585 2697 677 2765 κάλει
690 2701 728 2764 δέ
736 2723 791 2783 μοι
807 2695 990 2783 Ἀμύντορα
1002 2696 1065 2766 τὸν
1076 2694 1148 2781 Ἔρ-
1207 2686 1208 2771 ί

195 2801 270 2885 χιά,
293 2795 347 2859 καὶ
359 2797 543 2882 ἐκκλήτευε,
556 2797 616 2864 ἐάν
625 2796 669 2884 μή
682 2802 766 2885 θέλή
778 2798 871 2882 δευρὶ
880 2811 1042 2883 παρεῖναι.

550 2901 793 2964 MAPTYPIA.

274 2987 804 3109 Τήςμὲνμριρτυρίαςάκήκόατε,
818 2986 989 3081 ωάνδρες·
1012 3011 1144 3065 σκοπεῖ·
1155 3019 1180 3075 ες

193 3109 228 3151 τε
239 3077 293 3171 δή,
310 3084 434 3210 πότερα
445 3085 525 3174 υμῖν
542 3094 634 3160 δοκεῖ
641 3096 862 3181 Δημοσθένης
872 3095 954 3180 ἐμοῦ
964 3121 1146 3184 κατηγορη-

193 3185 286 3253 κέναι
303 3180 325 3272 ή
342 3185 541 3257 τούναντίον
557 3189 658 3272 αὐτὸς
677 3190 782 3260 αὑτον
770 3195 846 3261 ἐπὶ
861 3219 907 3283 τῳ
895 3193 1015 3281 έμῶ’
998 3196 1143 3282 ονόματι.

194 3281 305 3371 ἐπειδή
325 3286 361 3353 δέ
378 3288 433 3354 καὶ
451 3287 513 3374 τήν
530 3293 735 3412 δήμηγρρίαν
746 3318 812 3379 μου
823 3292 992 3380 διαβάλλει
1003 3297 1059 3363 καὶ
1071 3291 1145 3370 τούς

194 3385 387 3466 εἰρημένους
405 3385 526 3508 λόχους
541 3390 593 3457 ἐπὶ
615 3388 656 3456 τά
672 3399 769 3478 χείρω
786 3397 996 3480 διεξέρχεται,
1019 3390 1088 3463 οὔτ’
1106 3389 1144 3460 άν

125 3484 174 3537 247
195 3473 459 3565 άποδραίηνοίίί
469 3477 659 3556 ’άντωντότ
656 3486 1006 3577 ἐίρημένωνουδέν’
985 3497 1143 3579 αρνησαν
