2510 3948
330 245 463 301 ΚΑΤΑ
483 245 866 308 ΚΤΗΣΙΦΩΝΤΟΣ.
1017 245 1076 309 159

8 477 9 480 Ἴ
123 407 175 471 ἐπὶ
187 401 247 471 τὸν
259 402 427 487 πρόδηλον
437 399 612 484 κίνδυνον;
636 410 741 472 καίτοι
758 433 795 490 γε
807 407 924 495 πρῴην
935 406 1076 479 ἀπετόλ-

123 521 206 586 μησε
219 500 365 585 λέγειν,“
345 529 396 569 οτι
407 499 494 587 παρά
502 509 601 569 τοῦτο
614 503 827 583 Φίλιππος’
788 531 849 573 ουκ
861 500 996 592 ἡλθεν’
979 517 1075 595 ημῶν

124 597 224 666 ἐπὶ
188 625 250 682 την
261 599 390 684 χάραν,
414 597 465 668 ότι
477 598 539 668 οὐκ
557 593 601 684 ἡν
612 600 702 689 αύτῷ
721 603 805 669 καλά
816 628 856 669 τα
846 603 950 687 ίερά.
985 613 1075 684 τίνος

8 765 15 786 Ἴ,
124 690 189 764 ούν
196 702 317 824 ζημίας
333 696 423 778 άξιος
439 697 468 765 εί
484 712 610 783 τυχείν,
634 691 661 765 ύ
679 706 736 784 τῆς
747 696 901 819 Ἑλλάδος
913 701 1074 791 ἀλιτήριε;

124 803 154 864 εί
162 795 228 882 γάρ
241 794 258 864 6
269 797 330 882 μὲν
339 807 471 881 κρατῶν
483 795 546 865 ούκ
563 791 671 884 ἡλθευ
684 798 776 877 είς
740 827 802 887 την
811 809 880 868 τεόν
891 807 1076 888 κρατουμέ-

123 922 194 962 νων
205 895 333 981 χάραν,
357 894 408 965 ὅτι
420 894 483 964 ούκ
494 889 538 982 ἡν
549 894 641 986 αύτῷ
652 895 737 965 καλά
748 897 789 964 τά
800 898 889 984 ἱερά,
914 897 957 967 σύ
969 897 1000 967 δ’
1016 897 1076 967 06-
1092 912 1145 968 sn

126 993 184 1062 δέν
195 991 357 1077 προειδύς
375 1002 443 1060 τῶν
460 991 650 1080 μελλόντων
663 997 889 1078 έσεσθαιπρίν
900 1004 1076 1084 καλλιερῆ-

13 1169 15 1173 ,
125 1112 180 1159 σαι
193 1090 271 1170 τούς
291 1092 491 1178 στρατιώτας
507 1095 703 1179 ἐξέπεμψας,
724 1093 870 1179 πότερον
886 1104 1076 1181 στεφανοῦ-

10 1271 11 1276 ,
124 1196 209 1260 σθαί
228 1214 265 1258 σε
286 1197 338 1260 δεῖ
355 1193 407 1260 ἐπὶ
429 1206 499 1271 ταῖς
520 1200 578 1276 τῆς
595 1193 721 1270 πόλεως
738 1191 884 1278 ἀτυχίαις
905 1190 926 1279 6
943 1192 1075 1278 ὑπερω-

125 1297 253 1373 ρίσθαι;

8 1476 10 1482 γ
54 1406 103 1460 132
212 1389 386 1474 Τοιγάρτοι
400 1395 508 1457 τίτύν
519 1387 728 1457 ἀνελπίστων
739 1391 794 1456 καί
812 1386 1075 1477 ἀπροσδοκήτων

124 1486 173 1574 ἐφ’
187 1485 281 1574 ἡμων
292 1486 334 1556 06
346 1492 500 1573 γέγονεν;
527 1485 568 1555 ού
579 1487 643 1572 γάρ
661 1493 738 1573 βίον
749 1513 786 1572 γε
796 1483 889 1573 ἡμεῖς
900 1485 1076 1575 άνθροόπι-

125 1613 188 1654 νον
198 1587 423 1676 βεβιώκαμεν,
442 1584 509 1654 ἀλλ’
525 1593 570 1665 είς
586 1591 871 1672 παραδοξολογίαν
881 1603 949 1668 τοῖς
959 1593 1075 1675 ἐσομέ-

124 1713 195 1766 νοις
207 1685 280 1774 μεθ’
293 1685 379 1771 ἡμᾶς
391 1692 527 1771 ἔφυμεν.
563 1681 624 1772 ούχ
638 1683 655 1754 6
674 1687 734 1770 μὲν
744 1693 814 1752 τοῖν
824 1692 966 1773 Περσῶν
978 1694 1075 1774 βασι·
1133 1709 1134 1714 ’

123 1787 217 1870 λεύς,
240 1785 256 1852 ὁ
270 1782 330 1852 τόν
342 1782 440 1861 ’Ἇθω
449 1783 618 1868 διορύξας,
643 1780 661 1850 ὁ
680 1781 989 1868 τόνῈλλήσποντου
1001 1781 1077 1862 ζεύ-

124 1892 200 1970 ξας,
224 1880 318 1968 όγὴν
330 1885 385 1948 καὶ
396 1881 488 1967 ὕδωρ
500 1880 579 1961 τούς
590 1878 751 1969 Ἕλληνας
767 1889 886 1966 αίτάν,
909 1879 927 1949 ὁ
945 1889 1076 1966 τολμῶν

9 1980 12 1986 ’
124 1987 162 2053 έν
194 1995 267 2061 ταῖς
296 1985 480 2059 ἐπιστολαῖς
512 1979 673 2067 γράφειν,
713 1981 764 2050 ότι
796 1981 956 2068 δεσπότης
987 1983 1076 2048 ἐστίν

125 2081 287 2152 ἁπάντων
298 2078 493 2164 ἀνθρώπων
510 2077 564 2165 ἀφ’
577 2077 674 2164 ἡλίου
684 2079 838 2160 ἀνιόντος
849 2085 943 2167 μέχρι
955 2083 1076 2166 δυομέ-

8 2183 10 2215 ³
124 2207 205 2267 νον,
224 2187 290 2249 νύν
308 2178 350 2248 ού
359 2181 433 2265 περὶ
450 2187 512 2246 τού
528 2175 642 2266 κύριος
659 2180 780 2264 έτέρων
791 2177 875 2246 εἶναι
886 2181 1077 2262 διαγωνίζε-

124 2307 194 2366 ται,
216 2278 284 2348 ἀλλ’
307 2279 378 2401 666
389 2283 463 2365 περὶ
482 2287 540 2366 τῆς
560 2285 621 2346 τοῦ
640 2279 792 2364 σύματος
813 2284 991 2362 σωτηρίαςς
1022 2279 1077 2343 καὶ
1094 2305 1145 2359 523

15 2393 19 2476 ss
124 2379 204 2499 τρύς
221 2377 344 2457 αύτούς
362 2376 493 2465 όρωμεν
515 2385 572 2463 τῆς
588 2403 624 2444 τε
642 2377 739 2462 δόξης
756 2375 876 2458 ταύτης
892 2376 1014 2456 καὶτῆς
1025 2375 1078 2440 ἐπὶ

123 2473 465 2563 τόνΠέρσηνὴγεμον
467 2481 517 2551 ίας
532 2471 804 2558 ἡξιωμένους,οί
790 2471 874 2537 ίκαὶ
891 2495 928 2536 το
918 2470 1078 2537 έν-Δελ

16 2602 108 2656 ι33
124 2590 200 2662 φοίς
222 2573 315 2659 ίερόν
334 2572 589 2694 ἠλευθέρωσαν,
621 2568 786 2654 Θῆβαιδὲ
793 2574 953 2653 ,Θῆβαι,
983 2567 1078 2646 πόλις

125 2673 347 2759 ἀστυγείτων,
367 2669 441 2757 μεθ’
453 2668 580 2756 ἡμέραν
596 2669 711 2752 μίαν’
695 2693 730 2734 εκ
743 2669 843 2752 μέσης
854 2674 911 2751 τῆς
921 2662 1078 2744 Ἑλλάδος

13 2772 16 2780 ’
125 2771 351 2860 ἀνήρπασται,
363 2776 394 2838 εί
402 2772 457 2837 καὶ
468 2773 618 2854 δικαίως,
630 2767 705 2848 περὶ
716 2773 784 2833 τάν
793 2762 882 2832 ὅλων
895 2763 957 2833 ούκ
967 2762 1080 2893 ὀρθῶς
1095 2774 1146 2827 524

9 2899 12 2910 f
125 2873 406 2961 βουλευσάμενοι,
440 2867 523 2937 ἀλλά
545 2867 607 2954 τήν
633 2893 671 2951 γε
693 2864 919 2953 θεοβλάβειαν
940 2868 995 2934 καί
1015 2862 1078 2950 τὴν

24 2967 25 2970 “
125 2970 327 3058 ἀφροσύνην
339 2968 400 3040 ούκ
411 2967 653 3054 ἀνθρωπίνως,
666 2965 750 3035 ἀλλά
765 2970 943 3052 δαιμονίως
954 2963 1078 3050 κτησά-

10 3085 17 3103 ‘'
126 3097 233 3159 μενοι.
260 3069 517 3156 Λακεδαιμόνιοι
528 3069 560 3136 δ’
573 3073 607 3136 oc
621 3076 838 3151 ταλαίπωροι,
860 3065 1078 3152 προσαψάμε-

126 3195 181 3238 νοι
197 3164 304 3256 μόνον
321 3168 450 3235 τούτων
466 3165 747 3251 τάνπραγμάιων
764 3166 797 3242 ἐξ
815 3161 917 3248 ἀρχῆς
928 3166 1001 3244 περὶ
1015 3161 1078 3246 τὴν

13 3264 20 3303 ³
126 3274 188 3333 τοῦ
200 3272 293 3354 ίερού
304 3265 506 3350 κατάληψιν,
519 3269 553 3331 οί
561 3271 629 3331 των
642 3261 808 3347 Ἐλλήνων
819 3258 898 3327 ποτὲ
909 3258 1077 3340 ἀξιοῦντες

8 3375 23 3414 ῑ”
126 3362 289 3451 ἡγεμόνες
306 3362 406 3449 εἶναι,
428 3370 493 3430 νῦν
510 3359 752 3448 ὁμηρεύσοντες
762 3362 816 3426 καὶ
831 3367 889 3444 τῆς
905 3365 1080 3444 συμφορᾶς
1096 3369 1145 3424 ὁθὸ

127 3467 283 3544 ἐπίδειξιν
294 3461 510 3548 ποιησόμενοι
518 3465 698 3528 μέλλουσιν
716 3458 759 3538 ἀς
770 3457 983 3545 Ἀλέξανδρον
994 3456 1078 3526 ἀνα-
