2510 3948
185 281 248 346 132
548 278 802 338 ΑΙΣΧΙΝΟΤ

185 467 245 511 του
261 448 323 509 τοῦ
339 440 468 527 τρόπον
485 441 662 524 συνέβαινε
679 434 759 516 τούς
770 439 837 522 μέν
853 433 980 516 θεατὰς
998 438 1055 506 καί
1065 437 1145 517 τοῦς

184 537 348 627 χορηγούς
369 540 425 607 καὶ
445 533 526 616 τούς
551 527 737 622 ἀγωνιστάς
758 536 985 620 ἐνοχλεῖσθαι,
1008 531 1089 613 τοῦς
1109 535 1145 604 δὲ

185 636 517 724 ἀνακηρυττομένους
532 637 570 703 ἐν
587 642 635 724 τῷ
650 631 783 720 θεάτρφ
794 638 917 719 μείζοσι
927 642 1146 720 τιμαλςτιμά-

97 752 169 806 '434
186 747 268 804 σθαι
278 743 347 805 τῶν
355 732 421 804 ὑπὸ
431 741 494 802 τοῦ
505 732 614 819 δῆμον
622 731 912 816 στεφανουμένων.
923 744 997 811 τοῖς
1007 733 1070 818 μὲν
1079 757 1144 817 γαρ

186 835 399 904 ἀπεδέδεικτο
411 827 546 918 τόποςῆ
561 831 735 915 ἐκκλησία,
757 831 795 896 ἐν
811 820 835 917 ᾗ
850 833 934 915 ῆρῆν
952 836 1145 914 στεφανοῦ-

188 947 287 1023 σθαι,
312 936 368 1002 καὶ
385 930 540 1018 ἀπείρητο
558 927 679 997 ἀλλοθτ
689 931 846 1014 μηδαμοῦ
856 927 1101 1013 κηρύττεσθαι·
1113 930 1146 993 οί

188 1036 225 1105 δὲ
245 1029 491 1121 ἀνηγορεύοντο
519 1028 664 1096 ἐντόπιον
692 1022 852 1095 ἁπάντων
872 1032 942 1093 τῶν
960 1023 1143 1110 Ἑλλήνων·

186 1130 334 1200 κάκεῖνοι
349 1129 411 1217 μέν
426 1125 508 1215 μετὰ
520 1133 746 1213 ψηφίσματος,
768 1130 941 1202 πείσαντες
952 1121 1058 1210 ύμάς,
1085 1114 1145 1190 ού-

186 1255 236 1296 τοι
254 1227 285 1296 δ’
305 1227 389 1298 ἀνευ
405 1233 624 1313 ψηφίσματος.
649 1217 797 1289 συνιδῶν
814 1220 855 1307 δη’
865 1245 914 1300 τις
923 1229 1032 1290 ταῦτα
1041 1246 1148 1306 νομο·
1160 1232 1188 1286 44

187 1331 287 1416 θέτης
307 1334 420 1414 τίθησι
440 1324 547 1412 νόμον
569 1319 669 1389 οῦδὲν
686 1322 972 1388 ἐπικοινωνοῦντα
997 1325 1039 1406 τῷ
1064 1319 1143 1402 περὶ

186 1433 256 1494 τῶν
267 1422 333 1492 ύπὸ
344 1431 407 1492 τοῦ
418 1423 527 1509 δῆμον
537 1420 816 1504 στεφανουμένων
827 1419 937 1507 νόμφ,
950 1415 1029 1486 ούτε
1039 1416 1144 1494 λύσας

187 1526 332 1592 ἐκεῖνον·
345 1518 425 1589 οῦδὲ
436 1517 530 1606 γάρῆ
544 1521 700 1604 ἐκκλησία
711 1514 899 1602 ἠνωχλεῖτο,
913 1512 999 1582 ἀλλά
1011 1513 1049 1582 τὰ
1060 1519 1146 1582 θέα-

186 1646 283 1704 τρον·
307 1616 380 1686 οὔτ’
399 1621 552 1685 ἐναντίου
567 1630 637 1695 τοῖς
657 1615 822 1701 πρότερον
844 1617 1008 1700 κειμένοις
1028 1611 1145 1699 νόμοις

188 1725 307 1798 τιθείς·
332 1715 374 1786 ού
385 1715 451 1802 γάρ
462 1714 699 1798 ἐξεστινάλλά
710 1717 784 1801 περὶ
795 1722 864 1782 τῶν
874 1713 959 1782 ἀνευ
969 1723 1146 1802 ψηφίσμα-

187 1843 243 1897 τος
260 1814 423 1903 ὑμετέρου
442 1819 724 1904 στεφανουμένων
739 1812 805 1882 ύπδ
824 1822 893 1882 τῶν
911 1822 1068 1899 φυλετῶν
1090 1817 1146 1882 καὶ

189 1921 342 2003 δημοτῶν
358 1916 414 1984 καί
432 1917 507 1999 περὶ
518 1922 585 1983 τῶν
595 1912 672 1993 τοῦς
683 1914 811 1991 οἰκέτας
822 1909 1145 1998 ἀπελευθερούντων

187 2016 243 2081 καὶ
258 2017 335 2100 περὶ
352 2021 421 2082 τῶν
431 2017 571 2094 ξενικῶν
582 2012 774 2098 στεφάνων,
795 2014 850 2079 καὶ
861 2011 1046 2100 διαρρήδην
1056 2011 1145 2080 ἀπα-

187 2111 323 2196 γορεύει
349 2108 425 2196 μήτ’
457 2115 589 2197 οἰκέτην
612 2109 863 2195 ἀπελευθεροῦν
884 2112 921 2178 ἐν
935 2115 989 2199 ’τῶ
1010 2112 1145 2200 θεάτρφ

189 2203 274 2293 μήθ’
297 2204 362 2274 ὑπὸ
386 2214 455 2273 τῶν
479 2216 634 2293 φυλετῶν
654 2204 677 2295 ἦ
702 2211 856 2294 δημοτῶν
875 2205 1147 2294 ἀναγορεύεσθαι

189 2303 479 2391 στεφανούμενον,
502 2302 581 2390 μηδ’
600 2301 658 2370 ὑπ’
677 2305 797 2390 ἀλλον,
821 2307 919 2392 φησί,
941 2307 1102 2393 μηδενὸς,
1124 2302 1147 2393 ἢ

188 2401 308 2490 ἀτιμον
326 2400 411 2470 εἶναι
429 2400 489 2474 τόν
506 2401 647 2489 κήρυκα.
670 2401 755 2472 ὅταν
766 2396 994 2493 ούνάποδείξη
1005 2417 1075 2483 τοῖς
1085 2403 1148 2491 μὲν
1162 2427 1193 2483 ις

191 2500 256 2570 ύπό
276 2511 334 2589 τῆς
350 2510 474 2589 βουλῆς
491 2505 772 2590 στεφανουμένοις
789 2510 836 2582 είς
850 2500 887 2573 τὸ
901 2504 1147 2592 βουλευτήριον

187 2600 438 2689 ἀναρρηθῆναι,
457 2616 525 2682 τοῖς
541 2598 573 2668 δ’
592 2599 659 2670 ὑπὸ
671 2610 733 2670 τοῦ
745 2602 853 2690 δῆμον
864 2605 1147 2690 στεφανουμένοις

188 2709 235 2782 είς
252 2701 315 2789 τῆν
330 2705 523 2788 ἐκκλησίαν,
544 2713 613 2780 τοῖς
630 2698 661 2768 δ’
685 2699 750 2770 ύπό
767 2709 836 2770 τῶν
854 2707 1008 2796 δημοτῶν
1020 2722 1146 2786 στεφα-

188 2801 365 2883 νουμένοις
381 2801 436 2866 καλ
453 2805 608 2883 φυλετῶν
628 2796 751 2888 ἀπείπη
762 2799 813 2886 ’μῆ
831 2798 1057 2886 κηρύττεσθαι
1076 2814 1145 2879 τοῖς

187 2899 379 2985 τραγῳδοῖς,
392 2900 447 2962 ἵνα
457 2900 571 2982 μηδεὶς
583 2900 742 2981 ἐρανιζων
753 2898 941 2984 στεφάνους
950 2900 1006 2966 καὶ
1017 2900 1145 2985 κηρύγ-

118 3025 170 3079 435
191 3020 277 3079 ματα
293 2995 402 3078 ψευδῆ
419 2999 609 3078 φιλοτιμίαν
626 3003 757 3081 κτᾶται,
780 3003 990 3084 προσαπείπῃ
1000 2994 1032 3064 δ’
1046 3000 1084 3066 ἐν
1097 3004 1145 3087 τῷ

188 3092 281 3180 νύμφ
291 3089 370 3177 μηδ’
382 3087 449 3158 ὑπὸ
460 3089 565 3158 ἀλλον
572 3090 715 3178 μηδενὸς
723 3090 1024 3180 ἀνακηρύττεσθαι,
1035 3092 1145 3163 ἀπού-

189 3211 248 3277 σης
264 3197 389 3278 βουλῆς
405 3192 460 3260 καὶ
477 3190 587 3277 δῆμον
604 3195 658 3261 καί
675 3199 831 3277 φυλετῶν
847 3195 903 3262 καὶ
920 3197 1090 3282 δημοτῶν,
1100 3233 1143 3244 -
1235 3185 1236 3211 ³

119 3319 171 3375 436
189 3287 269 3359 ὅταν
292 3291 331 3358 δέ
348 3316 396 3368 τις
413 3297 517 3358 ταῦτα
534 3287 657 3379 ἀφέλη,
680 3297 715 3359 τί
726 3291 763 3361 τὸ
781 3293 1066 3379 καταλειπόμενόν
1076 3295 1144 3362 ἐστι
1234 3341 1235 3348 1

189 3383 276 3473 πλην
294 3389 329 3453 οί
343 3385 464 3466 ξενικοὶ
485 3391 659 3474 στέφανοι;
681 3387 733 3458 ὅτι
755 3387 789 3458 δ’
809 3388 919 3478 ἀληθῆ
936 3393 1039 3478 λέγω,
1061 3393 1145 3478 μέγα
1159 3412 1194 3468 46
1234 3381 1235 3421 δ

189 3496 323 3565 σημεῖον
339 3481 420 3567 ύμῖν
437 3486 560 3553 τούτου
577 3489 609 3566 ἐξ
627 3484 740 3555 αὐτῶν
759 3495 828 3557 τῶν
849 3487 963 3574 νόμων
985 3491 1143 3570 ἐπιδείξω.
1233 3499 1234 3506 ’
