2474 3946
184 239 247 304 104
537 239 793 298 ΑΙΣΧΙΝΟΤ

184 404 369 486 προξενίαν.
393 395 520 484 μεγάλα
537 381 679 482 δ”οίμαι
695 397 823 466 τούτων
840 399 906 484 εγῶ
928 413 1046 488 σημεῖα
1068 402 1140 469 ἐπι-

185 502 311 578 δείξειν.
334 501 365 564 εί
379 493 444 581 γάρ
455 520 487 564 τι
496 491 626 562 τούτων
636 491 759 581 άληθὲς
768 485 813 580 ἦν
823 488 872 564 ῶν
882 494 927 565 σῦ
936 498 1060 582 λέγεις,
1079 523 1139 566 κα-
1153 503 1190 557 m

184 597 352 684 τηγόρουν
368 594 412 663 ἄν
426 618 494 680 μου
511 594 650 663 Βοιωτοὶ
666 595 721 662 καί
737 596 884 664 Φωκέων
901 600 936 664 οί
944 595 1138 682 φεύγοντες,

115 703 169 763 ⁸10
188 687 237 766 τόν
246 693 325 774 τοῦς
336 693 397 779 μέν
405 692 642 788 ἐξεβεβλήκειν,
652 689 731 770 τοῦς
742 689 774 760 0‘
787 692 939 760 ἐκάλυσα
947 704 1138 763 κατελθεῖν·

186 801 251 864 νῦν
265 791 298 862 δ’
317 790 391 878 οόχλ
407 793 448 859 τά
466 789 641 879 συμβάντα
658 792 879 885 λογιζόμενοι,
899 789 985 860 άλλοὶ
1004 793 1066 879 τήν
1082 789 1140 860 εό-

185 919 283 964 νοιαν
292 891 354 979 τὴν
363 888 448 977 ἐμὴν
459 887 713 976 ἀποδεχόμενοι,
724 892 937 974 συλλεγέντες
948 893 983 958 οἱ
992 891 1139 976 φεύγον-

185 1021 239 1074 τες
249 999 406 1064 Βοιωτῶν
418 989 560 1079 ᾕρηνταί
573 1015 631 1076 μοι
647 988 872 1075 συνηγόρους,
892 987 1016 1075 ἥκουσι
1030 987 1062 1055 β’
1076 986 1137 1057 dmi

186 1100 255 1161 τῶν
268 1093 304 1158 ἐν
317 1096 472 1160 Φωκεῦσι
482 1090 613 1158 πόλεων
623 1090 793 1176 πρέσβεις,
805 1087 865 1166 οὓς
877 1088 940 1172 έγῶ
952 1084 1016 1173 τήν
1028 1095 1140 1174 τρίτην

183 1195 364 1276 πρεσβείαν
389 1191 442 1259 ἐπί
463 1189 541 1268 τοῦς
558 1186 799 1276 Ἀμφικτύονας
817 1188 1016 1275 πρεσβεύων
1033 1194 1141 1256 ε’σωσα

187 1295 330 1358 Οἰταίων
347 1287 585 1374 ἐγχειρούντων
601 1293 727 1373 λέγειν,
749 1282 793 1366 ὡς
817 1291 869 1354 δεῖ
887 1283 968 1365 τοῦς
988 1286 1141 1373 ἡβῶντας

187 1385 291 1457 άθεῑν
302 1386 385 1456 κατὰ
395 1393 457 1466 τοῦ
466 1394 634 1472 κρημνοῦ,
647 1388 701 1454 καί
711 1386 908 1473 παρήγαγον
917 1391 966 1464 είς
975 1382 1140 1471 τοῦςἈμ-
1225 1465 1226 1478 ἦ

187 1487 368 1576 φικτόουας
378 1485 461 1554 ὥστε
473 1484 653 1572 άπολογίας
663 1499 783 1571 τυχείν.
795 1482 813 1553 ὁ
824 1487 886 1572 μὲν
896 1484 961 1572 γάρ
972 1487 1141 1562 Φάλαικος

187 1583 399 1662 ὑπόσπονδος
410 1581 543 1670 άφεῑτο,
561 1587 596 1652 οί
603 1586 639 1652 δὲ
649 1581 1033 1670 άναίτιοιάποθεησκειν
1044 1589 1141 1668 ἔμελ-

186 1692 259 1768 λον,
272 1681 559 1766 συναγορεύοντος
576 1679 609 1749 δ’
621 1683 703 1768 ε’μοῦ
714 1680 934 1768 ῦιεσοόθησαυ.
949 1680 1001 1748 ὅτι
1014 1678 1046 1748 θ’
1058 1679 1141 1766 άλη-
1155 1683 1196 1740 1⁴⁸

187 1789 234 1869 θη
255 1785 358 1866 λέγω,
381 1781 477 1850 κάλει
497 1808 555 1867 μοι
574 1781 751 1850 Μνάσωνα
772 1779 834 1849 τόν
855 1784 972 1848 Φωκέα
989 1781 1045 1848 καί
1062 1776 1141 1858 τοῦς

186 1883 408 1968 συμπρέσβεις
429 1883 484 1949 καὶ
503 1879 582 1959 τοῦς
602 1877 667 1950 άπό
687 1887 746 1966 τῆς
768 1887 836 1946 τῶν
851 1886 1009 1948 Βοιωτῶν
1029 1883 1141 1963 φυγῆς

186 1977 381 2069 ᾑρημένους.
405 1978 554 2068 ἀνάβηθι
572 1985 688 2064 δεῦρο,
709 1985 837 2063 Λίπαρε
848 1978 903 2046 καὶ
912 1977 1060 2062 Πύθων,
1081 1979 1142 2044 καί

187 2077 248 2164 τὴν
259 2077 366 2167 αὐτὴν
376 2076 521 2148 άπόῦοτέ
530 2105 587 2165 μοι
597 2078 694 2163 χάριν
705 2083 752 2156 είς
762 2075 825 2164 τὴν
838 2085 900 2146 τοῦ
910 2078 1061 2165 σώματος
1071 2096 1143 2145 σω-

187 2185 320 2262 τηρίαν,
333 2175 440 2263 ἥνπερ
452 2175 514 2259 ἐγω
526 2174 614 2262 ὑμῖν.

247 2335 515 2399 ΣῬΝΗΓΟΡΙΑ
533 2337 749 2400 ΒΟΙΩΤΩΝ
766 2341 853 2404 ΚΑΙ
870 2340 1078 2405 offlam

273 2471 352 2542 Πῶς
362 2454 426 2530 οὖν
438 2459 500 2531 οὐκ
511 2458 556 2532 ἂν
568 2463 660 2534 δεινά
672 2465 824 2553 πάθοιμι,
836 2473 867 2535 εί
876 2474 1146 2554 κατηγοροῦντος

188 2564 251 2651 μὲν
261 2566 505 2649 Δημοσθένους
515 2571 576 2632 τοῦ
587 2570 744 2652 Θηβαίων
753 2569 917 2647 προξένου
926 2567 983 2633 καί
994 2588 1146 2650 πονηρο-

188 2660 291 2729 τάτου
303 2668 370 2728 τῶν
377 2658 559 2750 Ἑλλήνων,
570 2661 870 2748 συναγορευόντων
881 2664 919 2732 δέ
927 2689 985 2748 μοι
995 2663 1147 2730 Φωκέων

187 2763 242 2829 καί
251 2768 409 2831 Βοιωτῶν
420 2759 552 2848 ἁλοίηυ;

119 2873 170 2934 311
266 2856 493 2944 ’Βτόλμησεῶ
515 2866 636 2946 εἰπεῖν,
659 2858 703 2940 ῶς
715 2859 777 2946 έγῶ
796 2875 863 2940 τοῖς
874 2864 1020 2948 ἐμαυτοῦ
1032 2861 1146 2946 λόγοις
1162 2873 1203 2925 1ss

187 2961 379 3044 περιπίπτω.
403 2960 483 3042 φησὶ
489 2956 558 3043 γάρ
571 2984 612 3042 με
623 2963 737 3046 εἰπεῖν,
750 2957 803 3027 ὅτ’
815 2965 949 3045 ἔκρινον
963 2966 1143 3046 Τίμαρχον,

186 3053 238 3126 ότι
249 3055 370 3133 πάντες
386 3051 458 3122 κατ’
473 3053 579 3123 αὐτοῦ
588 3053 651 3142 τήν
661 3065 719 3143 τῆς
730 3065 886 3140 πορνείας
897 3057 1013 3146 φήμην
1024 3081 1146 3143 παρει-

185 3150 328 3242 λήφασι,
347 3149 409 3222 τόν
425 3151 458 3222 θ’
471 3150 625 3222 Ἡσίοδον
636 3154 775 3243 ποιητὴν
786 3154 918 3242 ἀγαθόν
929 3154 1011 3224 ὄντα
1022 3164 1142 3240 λεγειν,

252 3251 345 3342 φήμη
357 3251 390 3320 θ’
404 3251 494 3333 οότις
505 3252 644 3340 πάμπαν
654 3252 853 3344 άπόλλυται,
870 3253 988 3344 ἥντινα
999 3262 1079 3324 λαοί

251 3355 367 3423 πολλοὶ
379 3357 558 3442 φημίξωσι·
578 3355 659 3434 θεός
669 3381 713 3423 νυ
726 3363 775 3436 τίς
785 3359 854 3424 ἐστι
864 3358 919 3428 καὶ
930 3382 1024 3442 αυτη.

186 3446 249 3538 τὴν
266 3448 299 3518 θ’
319 3449 427 3536 αὐτὴν
444 3454 569 3540 ταύτην
587 3452 672 3522 θεὸν
694 3453 788 3540 ἥκειν
806 3463 871 3524 νῦν
887 3461 1143 3542 κατηγοροῦσαν
