2444 3946
419 208 625 262 PRAEFATIO
641 209 800 266 emulos.
1020 225 1072 276 vu
1099 250 1101 259 ,

109 383 136 440 in
158 382 255 438 seriem
274 383 420 440 verborum
441 393 577 458 tamquam
602 401 658 440 uon
679 385 784 440 inventa
804 391 1019 456 conquereretur
1036 404 1069 444 ac

107 465 274 542 postliminio
302 469 330 522 in
350 469 465 524 medium
488 471 632 542 proterret.
671 469 704 524 lli
731 484 822 524 omncs
839 485 998 542 quamquam
1015 487 1067 544 pro

109 569 157 607 sua
171 551 287 624 quisque
301 561 379 626 parte
395 569 505 626 operam
520 553 653 612 dederunt
668 561 699 610 ut
714 552 870 610 emendatus
883 553 1007 627 prodiret
1024 573 1067 611 sa-

107 635 245 708 lebrisque
259 645 392 709 purgatus
406 635 510 698 lsaens,
534 645 621 693 tamen
638 637 756 693 noudum
772 637 809 692 ita
823 637 856 692 ad
869 654 987 710 unguem
1003 655 1067 712 pcr-

108 719 209 792 politus
231 725 290 780 est,
312 728 343 775 ut
360 719 460 793 ubique
481 721 606 777 isocratis
624 721 786 795 discipulum
802 729 830 776 ct
843 721 1002 794 magistrum
1016 722 1066 779 lle·

107 801 256 858 mosthenis
270 811 299 858 ct
315 803 443 877 Lysianae
462 803 633 880 eloquentiae
647 805 781 862 aemulum
802 821 942 879 agnoscas.
972 805 1066 881 Neque

107 885 133 942 id
146 887 257 949 mirum,
280 905 341 943 cum
361 887 499 945 codicibus
516 906 596 958 mauu
617 888 726 962 scriptus
742 905 829 963 neque
848 889 941 946 multis
957 898 1066 947 utamur

106 986 195 1044 neque
223 969 311 1026 honis.
352 970 443 1028 Nihilo
468 973 556 1030 secius
584 972 625 1028 vel
649 991 681 1030 ex
706 990 800 1030 eorum
824 973 946 1046 vestigiis
968 976 1066 1032 emieat
1137 963 1138 972 ¹

106 1055 208 1110 Isaeum
228 1071 297 1128 pure
311 1055 465 1120 emendate.
489 1056 627 1130 eleganter
643 1065 771 1119 venuste,
787 1059 903 1133 denique
921 1059 1007 1116 Attice
1023 1059 1065 1115 lo·

106 1147 198 1195 cutum
213 1154 282 1194 esse.

188 1221 282 1295 ltaque
298 1223 321 1278 si
336 1223 452 1296 primum
467 1224 501 1280 de
518 1225 643 1282 formis
658 1225 852 1282 vocabulorum
868 1227 984 1300 quaeris,
999 1245 1064 1284 con·

104 1313 264 1362 sentaueum
284 1317 326 1362 est
348 1324 403 1363 non
428 1308 494 1364 alias
520 1326 581 1366 eum
598 1309 650 1366 sihi
673 1311 841 1384 usurpandas
859 1312 995 1384 putavisse
1011 1313 1064 1368 nisi

105 1407 173 1464 quae
193 1390 313 1446 Atticum
327 1393 440 1448 maxime
462 1393 589 1452 decerent
605 1411 693 1467 neque
709 1395 823 1450 eundem
837 1394 890 1450 hoc
904 1393 985 1450 illove
1001 1395 1063 1452 loco

105 1484 241 1548 tamquam
257 1475 299 1530 sui
318 1475 432 1532 oblitum
446 1477 474 1531 in
493 1495 522 1533 se
541 1477 680 1535 admisisse
697 1487 729 1534 ut
744 1477 843 1534 talibus
858 1485 982 1534 uteretur
995 1497 1064 1552 quae

102 1559 185 1631 longe
209 1558 344 1615 distarent
369 1559 401 1616 ab
421 1577 474 1616 usu
488 1562 641 1618 Atticorum
662 1571 690 1619 et
714 1556 918 1618 consuetudine.
956 1562 993 1619 Ex
1008 1581 1063 1637 quo
1091 1550 1099 1570 ⁶

104 1659 203 1715 genere
219 1650 285 1698 sunt
297 1642 343 1698 illa
359 1635 553 1699 καθιστάνειν
566 1641 615 1720 (or,
630 1653 655 1704 2.
671 1647 689 1717 3
704 1653 745 1706 29.
763 1645 857 1702 Cobeti
873 1653 941 1702 orat.
956 1647 989 1702 de
1005 1656 1064 1704 arte

104 1728 217 1800 interpr.
241 1745 269 1800 p.
296 1733 344 1791 92,
363 1744 415 1782 nos
431 1728 459 1784 in
471 1729 585 1802 praefat.
600 1731 633 1786 ad
647 1729 753 1804 Lysiam
768 1748 796 1803 p.
812 1729 869 1802 vt),
887 1716 988 1797 οὐθείς
1008 1749 1062 1804 μη-
1078 1739 1086 1755 Χ

103 1807 170 1877 θείς
196 1804 362 1886 μηθὲτερον
383 1809 569 1884 (Schoemanu.
593 1814 625 1870 ad
651 1830 690 1890 or.
715 1819 739 1877 7,
761 1813 779 1884 S
799 1810 865 1888 itt),
891 1812 1064 1886 ψηφίσεσθε

101 1893 154 1967 (or.
181 1903 205 1952 1.
229 1896 247 1966 S
269 1893 328 1967 51),
351 1885 496 1970 ἐφόρεσαν
517 1896 569 1970 (or.
588 1904 614 1954 4.
638 1895 723 1970 Sl),
744 1886 863 1965 εἴξαντες
884 1900 1063 1970 or.t.§1o,

102 1979 155 2034 ulia
170 1979 331 2042 eiusmodi,
346 1997 413 2054 quse
428 1997 507 2037 nemo
520 1981 599 2037 facile
620 1981 672 2037 crit
687 1981 768 2038 hodie
784 1982 849 2055 quin
864 1983 1064 2042 condemnanda

101 2080 163 2118 esse
183 2063 298 2124 iudicet,
313 2065 365 2120 nisi
383 2065 429 2138 qui
446 2065 549 2137 quidvis
562 2066 697 2139 patienter
714 2065 781 2120 ferri
798 2065 896 2121 debere
910 2067 1063 2140 praefracte

100 2147 288 2209 contenderit,
318 2149 390 2221 quod
415 2147 519 2204 librarii
546 2158 593 2205 aut
621 2166 653 2206 ex
681 2148 818 2204 interioris
844 2151 939 2206 aetatis
962 2159 1009 2207 aut
1030 2170 1063 2208 cx

101 2230 218 2287 aliarum
236 2229 372 2304 gentium,
394 2233 506 2288 maxime
526 2231 710 2295 Macedonum,
735 2233 870 2290 scribendi
890 2251 972 2307 prava
998 2253 1064 2291 oon-

100 2314 247 2371 suetudine
270 2322 317 2370 aut
340 2317 474 2372 etiamen
495 2317 537 2372 sui
561 2317 682 2390 ipsorum
705 2319 834 2392 temporis
856 2317 1021 2374 obscuritate
1035 2329 1063 2374 et

100 2398 228 2455 barbarie
242 2398 270 2453 in
286 2400 447 2473 scriptorem
460 2417 538 2455 suum
552 2401 678 2456 invehere
692 2417 747 2456 uon
761 2399 960 2457 dubitaverunt.
987 2401 1007 2456 ll
1022 2410 1062 2459 ta·

99 2481 174 2538 libus
194 2483 281 2555 igitur
304 2485 430 2541 sordibus
453 2502 467 2539 a
488 2484 585 2540 scribis
607 2483 705 2540 oblatis
726 2492 753 2540 ct
772 2483 886 2544 fidenter
904 2489 1062 2559 propagatis

100 2583 164 2622 cum
177 2567 321 2623 manifesto
336 2575 449 2643 apparet
467 2585 546 2641 quam
566 2577 691 2642 suspecta
705 2569 741 2624 sit
755 2574 837 2641 atque
858 2565 963 2623 infirma
977 2568 1062 2625 libro·

101 2667 163 2706 rum
184 2651 445 2724 manuscriptorum
464 2652 491 2706 in
508 2651 551 2706 his
566 2651 646 2707 rebus
661 2650 743 2712 tides,
759 2659 817 2707 tum
833 2651 988 2707 coniectura
1003 2653 1062 2709 fieri

102 2733 182 2790 facile
196 2741 289 2809 potest
307 2735 425 2808 quid·sit
439 2735 471 2791 de
486 2738 583 2812 ceteris
598 2735 693 2791 formis
707 2734 871 2798 habendum,
887 2752 953 2807 quas
968 2737 991 2792 si
1006 2753 1061 2794 non

101 2817 231 2874 barbaras
252 2827 280 2874 at
293 2826 381 2875 tamen
399 2837 432 2875 ne
446 2820 519 2894 ipsas
536 2820 644 2893 quidem
659 2819 692 2876 ab
710 2819 805 2875 Atticis
820 2820 948 2892 usurpari
967 2820 1062 2878 solitas

102 2918 164 2958 esse
178 2901 221 2958 rel
237 2909 358 2962 veterum
376 2905 613 2978 grammaticorum
630 2905 737 2961 decreta
752 2903 889 2959 declarant
903 2904 954 2966 vel,
975 2906 1061 2978 siquis

102 2985 176 3044 forte
194 2985 238 3043 his
260 3001 315 3043 non
331 2995 435 3044 tantum
455 2987 572 3049 tribuat,
595 2995 627 3044 ut
640 3003 835 3061 usquequaque
852 3003 900 3043 eos
913 2989 1061 3044 audiendos

102 3086 164 3126 esse
185 3070 335 3133 existimet,
359 3080 450 3145 aperte
471 3072 571 3128 docent
598 3073 704 3128 codices
728 3062 932 3133 emendatiores,
955 3071 1061 3146 qualem
1089 3137 1093 3143 ,

102 3151 259 3210 Urbinatcm
274 3155 399 3211 Isocratis
413 3165 441 3212 et
454 3173 551 3229 magua
567 3163 641 3212 certe
662 3173 693 3212 ex
711 3164 789 3229 parte
804 3153 956 3212 Parisiuum
971 3155 1001 3209 Σ
1010 3156 1060 3212 lle·

101 3238 254 3294 mosthenis
277 3255 337 3295 esse
351 3247 472 3303 constat,
492 3240 527 3295 de
540 3240 619 3296 cuius
633 3240 741 3314 quidem
757 3238 918 3295 auctoritate
933 3257 993 3295 cum
1011 3240 1060 3295 ali·
1087 3313 1088 3316 Ἴ

103 3322 230 3393 quamdiu
255 3323 422 3380 consedisset
445 3325 598 3386 contentio,
626 3341 713 3399 nuper
739 3322 923 3378 vehementius
951 3324 1059 3379 exarsit.

102 3403 171 3461 lsaei
191 3405 300 3479 quidem
319 3407 383 3464 lilrri
405 3407 525 3480 quamvis
544 3407 653 3472 minime
672 3403 816 3484 dignikqui
836 3423 896 3462 cum
917 3407 971 3463 illis
989 3423 1059 3480 quos

103 3487 158 3544 dixi
183 3499 388 3564 comparentur,
412 3499 501 3548 tamen
516 3501 544 3547 et
560 3493 612 3566 ipsi
631 3509 692 3548 eum
707 3489 869 3564 aliquotiens
883 3491 1009 3552 Atticum.
1027 3495 1059 3544 ut
