2442 3948
99 292 129 345 p.
148 274 190 326 το.
253 275 342 326 ΠΕΡΙ
357 273 433 325 τον
451 273 726 326 ιικωονοαονε
743 274 906 326 mmor.
1019 280 1060 342 59

175 444 332 536 Ὠιόμεθα
348 435 481 535 μέν,
454 472 480 516 ω
505 443 641 537 ἀνδρες,
669 437 798 538 περὶ
771 475 818 517 ων
837 444 1061 566 διεφερόμεθα

99 546 191 651 πρός
210 549 449 636 Δικαιογένην,
480 544 520 616 τά
546 541 779 636 ἀμολογημίνα
805 550 858 618 ἐπὶ
882 576 943 620 του
970 554 1060 618 δικα-

97 656 240 740 στηρίου
269 646 368 738 κάρτα
393 643 473 737 ἡμῖν
500 655 649 720 ἔσεσθαι
681 645 881 728 ἀποστάντος
912 645 975 738 γάρ
1000 659 1060 720 Δι-

98 753 294 837 καιομένους
310 763 381 818 τοῖν
400 754 495 818 δυοῖν
501 765 635 871 μεροῖν
651 777 711 818 του
698 747 867 840 κλήρου,
894 752 949 818 καλ
968 753 1061 837 ἐγγυ-

96 846 180 938 ητάς
206 846 467 936 καταστήσαντος
492 838 596 938 ήμην
620 847 830 939 παραδώσειν
854 844 934 938 ἡμῖν
958 853 1062 920 ταῦτα

97 948 241 1070 τὰμέρη
257 945 577 1038 ἀναμφισβήτητα,’
557 948 731 1039 αφήκαμεν
748 946 909 1038 ἀλλήλους
926 952 993 1020 τοῖν
1011 953 1061 1038 ἐγ-

99 1048 291 1139 κλημάτων
319 1046 432 1139 ἐπειδὴ
451 1052 503 1138 δέ,
522 1078 548 1118 ω
537 1039 701 1140 ἀνδρες,
728 1047 769 1120 οά
786 1066 875 1121 ποιεῖ
889 1053 1061 1140 Λικαιογί-

99 1179 162 1238 νης
179 1146 199 1219 ἀ
193 1145 422 1239 ἀμολόγησε,
451 1103 648 1240 διάαζόμεθα
664 1149 867 1241 Λεωχάρειέ
866 1153 993 1240 γγυητή
1008 1179 1061 1239 γε·

98 1252 230 1344 νομίνω
247 1252 501 1338 Δικαιογένους,
526 1247 636 1341 ωσπερ
653 1247 895 1340 ἀντωμόσαμεν.
923 1259 993 1320 Καί
1006 1280 1061 1340 μοι
1078 1276 1095 1326 2

95 1347 274 1438 ἀνάγνωθι
290 1347 352 1437 τήν
368 1347 584 1440 ἀντωμοσίαν.

467 1515 691 1567 ΑΝΊὫΜΟΣΙΑ.

172 1650 228 1735 Ὡς
244 1661 359 1726 τοίνυν
375 1650 486 1744 ἀληθῆ
501 1652 746 1744 ἀντωμόσαμεν,
764 1654 990 1745 Κηφισόδοτος
1006 1650 1062 1724 οὖ·

95 1756 173 1826 τοσλ
199 1753 286 1843 οἶδε,
321 1758 376 1824 καλ
400 1753 567 1845 μάρτυρας
593 1751 674 1844 ὑμῖν
698 1754 906 1846 παρεξόμεθα
931 1759 1062 1845 πρῶτον

94 1857 162 1946 μδν
188 1850 233 1934 ὥς
255 1851 380 1943 ἀπέστη
405 1857 623 1943 Δικαιογίνης
648 1850 728 1944 ἡμῖν
745 1872 816 1926 τοῖν
836 1862 931 1926 δυοῖν
947 1871 1063 1945 μεροῖν

94 1958 162 2026 τοῦ
179 1952 319 2045 κλήρου,
348 1954 418 2024 εἶτα
436 1949 480 2036 τός
497 1951 685 2043 ἠγγυήσατο
702 1953 888 2047 Λεωχάρης.
923 1963 993 2024 Καί
1007 1982 1063 2043 μοι

95 2053 275 2144 ἀνάγνωθι
290 2053 351 2144 τήν
368 2062 560 2146 μαρτυρίαν.

483 2221 677 2272 ΜΔΡΤΤΡΙΑ.

183 2362 256 2430 Τοῖν
273 2361 335 2448 μὲν
351 2357 529 2450 μαρτύρων
546 2355 722 2448 ἀκηκόατε,
741 2362 796 2430 καὶ
815 2353 859 2441 τός
876 2357 917 2430 οὐ
934 2355 1064 2446 τάληθῆ
1080 2384 1097 2436 3

96 2459 405 2550 μεμαρτυρήκασιν,
431 2455 507 2529 οὐδ’
535 2454 577 2529 άν
594 2457 697 2530 αὐτόν
714 2458 804 2548 οἶμαι
822 2459 1001 2548 Λεωχάρην
1020 2464 1063 2527 ελ-

98 2576 193 2630 κεῖν
220 2569 299 2640 ῖσως
327 2561 364 2628 δε
391 2555 442 2628 5’
471 2561 539 2628 ἐκεῖ
526 2574 599 2629 ῑνον
624 2561 776 2650 τρέψεται
801 2556 859 2630 τόν
876 2557 991 2647 λόγον,
1020 2552 1064 2638 ἀς

97 2661 318 2748 Δικαιογίνης
334 2686 370 2728 τε
388 2654 409 2726 ά
425 2653 505 2746 ἡμῖν
522 2654 767 2747 ωμολόγησεν”
747 2685 875 2729 ακαντα
891 2663 1076 2779 πεποίηκε,

97 2755 216 2830 καῖ’
174 2757 272 2840 αυτὸς
297 2757 358 2848 τήν
377 2754 578 2846 ἐξεγγόην”
560 2786 609 2827 οτι
626 2753 805 2828 ἀπέδωκεν.
843 2764 874 2828 εί
889 2747 951 2828 οὖν
968 2753 1076 2826 ταυτ’

98 2865 186 2951 ἐρεῖ,
213 2858 369 2944 ψεύσεται
387 2861 442 2928 καὶ
461 2862 584 2949 ῥαδίως
603 2856 841 2948 ἐλεγχθήσεται.
876 2854 1063 2947 ἀναγνώσε-

97 2989 154 3030 ται
170 2957 233 3051 γάρ
250 2955 331 3048 ὑμῖν
347 2957 409 3029 ὅσα
434 2961 585 3028 οωιτίλιττε
601 2955 851 3049 Δικαιογίνης
835 2989 853 3030 ο
872 2961 1062 3042 Μενεξένου

100 3064 139 3130 5v
155 3064 204 3153 τῷ
220 3058 330 3152 κλήρῳ
349 3063 403 3129 καὶ
421 3057 461 3128 τά
477 3059 625 3150 χρήματα
643 3057 666 3129 δι’
683 3067 809 3148 ἔλαβεν.

478 3223 689 3274 ΑΠΟΓΡΑΦΗ.

181 3367 291 3433 Ταῦτα
310 3370 340 3432 εί
355 3364 416 3453 μὲν
433 3361 477 3452 μή
495 3384 576 3452 φασι
593 3365 815 3450 Δικαιογίνην
831 3359 890 3430 τόν
907 3356 1065 3450 ἡμέτερον
1081 3378 1098 3427 4

100 3476 196 3534 θεῖον
214 3467 319 3548 ζῶντα
336 3466 515 3551 κεκτῆσθαι
540 3464 596 3532 καλ
611 3458 866 3551 ἀποθνήσκοντα
890 3455 970 3549 ἡμῖν
988 3463 1064 3529 δοῦ-

99 3593 166 3653 ναι,
184 3560 466 3646 ἀκοδειξάτωσαν·
486 3571 517 3632 εί
534 3564 644 3633 δὲκαὶ
662 3565 789 3634 ἐκεῖνον
806 3569 998 3630 καταλιπεῖν
1009 3559 1065 3627 καὶ
