2450 3950
458 271 666 320 uulnerum.
1036 277 1087 330 vu

67 414 140 465 fides
152 418 204 476 est,
216 429 241 478 p,
254 403 423 475 προπέμψαι
435 409 487 462 add
497 415 525 462 et
535 393 657 462 Bekkcrc
669 416 742 464 leste
752 428 777 478 p,
790 407 841 464 τοι)
858 407 1029 478 προπέμψαι
1043 429 1087 464 ee·

65 482 124 533 teri
135 481 215 540 libri3
233 474 284 530 καὶ
295 472 486 544 προσπέμψας
498 493 560 529 cum
570 478 672 530 Reislric
689 478 820 540 Bremius,
838 479 888 532 καὶ
900 474 1087 545 προσπέμψαι

68 551 105 600 H.
126 549 242 612 Woblur,
256 545 326 612 quod
337 546 439 597 vellem
449 547 625 610 recepissem.
636 571 672 583 —
683 549 698 610 ξ
711 549 755 606 66,
768 545 794 596 6.
808 551 836 597 ei
849 548 872 598 7.
887 538 1088 614 Ἡγήσανδρον·

68 643 103 652 -
118 615 269 680 Τίμαρχον
280 637 314 648 -
325 603 425 677 αότδν]
443 614 497 689 imp
506 607 694 730 Ἧχησιίνδρῳ
706 637 741 648 -·
755 606 890 680 Τιμάρχῳ
902 639 933 650 -
947 605 1025 679 circi
1032 653 1039 678 ,
1058 631 1086 665 u.

67 689 113 734 est
124 683 154 733 in
166 683 218 748 blq.
231 707 263 720 -
274 684 290 744 8
303 683 342 740 66,
355 681 379 731 7.
391 676 441 731 καλ
452 695 526 731 curm
558 675 718 745 ιελόθηοαν
729 680 793 731 dedi
805 697 838 731 cx
848 698 875 746 p,
889 679 938 732 καλ
951 678 1056 734 διελόθ

66 740 275 831 σανιοδσαότοςΙ
292 749 379 798 ceteri
391 747 484 828 libri..
502 738 654 828 Ὡσαύτωςι
665 746 801 830 babilonis
821 753 885 866 ἓξὲξ
902 740 967 826 ἑξῆς
987 765 1039 828 vs,
1050 699 1087 800 19.

67 813 792 959 ‘’iiiiii'’maliliiliiulriiilfflil.
804 830 831 948 ἶ..
846 813 1026 947 135)ῗαῖἘὶ
1031 817 1087 934 {ii

67 901 253 1016 διελύθησαν
270 965 359 1008 ουτως
371 949 457 1000 scribi
469 949 527 1000 vult
539 949 588 1013 (ib.
601 947 643 1000 68.
657 965 683 1016 p.
700 946 777 1012 158).
795 975 829 985 -
845 952 918 1014 567,
933 950 957 1000 1.
970 947 1088 1016 καλέσω]

67 1019 126 1069 imo
139 1017 231 1077 καλοῖ,
244 1023 276 1068 ut
288 1021 331 1068 est
342 1017 372 1066 in
380 1017 419 1081 sb.
444 1016 507 1067 vid.
519 1017 612 1068 Lecti.
624 1016 754 1068 Aeschin.
767 1032 792 1078 p.
805 1015 856 1070 453
868 1032 907 1083 sq.
930 1043 954 1052 -
976 1020 991 1081 θ
1004 1021 1049 1078 68,
1062 1017 1088 1068 5.

67 1081 172 1150 χρήσει
184 1085 217 1136 dc
229 1099 291 1135 mea
303 1084 472 1149 Emperiique
486 1084 646 1135 coniectura
657 1084 734 1146 dedi,
760 1080 841 1148 ilpunc
853 1101 883 1144 ο,
907 1073 987 1148 ἄρσει
1001 1086 1087 1136 ceteri

67 1153 146 1215 libri,
160 1149 261 1215 πράξει
275 1166 335 1202 cum
346 1151 449 1202 Rcialric
460 1151 590 1210 Bremim,
609 1144 717 1214 αἱρέσει
725 1149 841 1202 orcum.
855 1176 887 1188 -
899 1155 914 1215 ξ
928 1156 967 1212 70,
980 1151 1004 1203 3.
1017 1143 1088 1214 πρὸς

67 1219 125 1270 τοῦ
136 1213 206 1277 Διὸς
216 1214 267 1269 παλ
278 1217 334 1268 τιόν
346 1208 439 1269 ἄλλων
450 1217 538 1282 θεῶν,
551 1223 582 1268 ub
593 1217 623 1280 3,
638 1217 710 1280 liu,
728 1218 799 1283 quod
811 1233 866 1268 nen
878 1225 939 1270 erat
951 1235 1000 1269 cur
1013 1219 1087 1270 Gcbe·

67 1295 121 1337 eum
140 1285 183 1350 (V.
197 1287 228 1336 L.
241 1302 268 1352 p.
281 1284 351 1350 354.)
364 1285 525 1338 offenderet.
551 1285 592 1336 Oi.
614 1286 636 1350 l,
650 1284 692 1337 79.
706 1284 748 1336 87.
775 1286 864 1336 statu.
884 1286 919 1336 ad
935 1286 1010 1337 Plat.
1022 1287 1088 1336 Pro-

68 1361 129 1420 tag.
143 1351 195 1404 310
205 1355 240 1404 D.
254 1380 286 1389 -
298 1356 314 1416 ξ
327 1357 367 1411 ⁷0,
379 1351 403 1403 6.
418 1341 471 1404 criu
483 1343 612 1418 οἰόμεθ’]
631 1353 726 1419 quidni
738 1345 791 1404 οόιι
808 1341 907 1404 οἴεσθ’
918 1354 931 1402 i
943 1352 1087 1403 ΒΑΙΤΕΒ.

68 1449 104 1458 -
116 1423 132 1484 ξ
146 1424 192 1479 74,
204 1421 228 1470 2.
241 1416 475 1499 παραδείγματα)
494 1422 548 1471 imo
561 1414 595 1471 τοὶ
608 1419 843 1487 παραδείγματα,
866 1427 896 1471 ut
909 1423 992 1472 estin
1004 1421 1087 1486 dspqe.

425 1503 460 1546 “G

68 1557 188 1617 -5711,
201 1553 225 1604 7.
238 1545 342 1620 όμοῖςλ
363 1545 464 1621 ,ὑμῶν
475 1562 498 1614 t,
517 1547 596 1620 όμιῖν
608 1556 836 1619 ceteri-574,
849 1554 874 1606 8.
888 1548 954 1614 τούς
967 1545 1027 1620 ὁδῷ
1038 1569 1089 1604 πο-

68 1616 257 1687 ρευομένους]
270 1619 327 1671 τοῖν
339 1571 501 1687 genunium
512 1623 623 1674 Ηαιιιαίι.
636 1623 737 1674 Mncm.
750 1623 812 1675 VII.
845 1623 908 1674 455
921 1639 961 1688 sq.
977 1647 1005 1658 -
1020 1625 1035 1684 ξ
1049 1626 1088 1680 77,

68 1691 94 1739 7.
106 1683 140 1738 τὸ
152 1678 233 1752 αότδ]
247 1689 301 1739 imo
311 1679 424 1751 ταότόν,
436 1690 498 1752 uti,
510 1687 551 1740 35.
557 1688 598 1740 64.
607 1689 663 1740 101.
671 1689 728 1741 145.
741 1696 768 1740 el
779 1640 843 1756 (λιιι)
852 1689 893 1742 97.
913 1687 1087 1755 01.1,124.3,

71 1755 112 1806 16.
120 1754 241 1818 alu-5
248 1758 287 1814 79,
294 1757 321 1806 4.
329 1755 486 1821 Τίμαρχον,
494 1747 560 1822 εἴτ’]
571 1755 719 1822 Τίμαρχον
728 1746 830 1818 είτάδ,
840 1745 1088 1824 Τιμόρχῳείτίομ,

72 1823 222 1888 Τίμαρχος
235 1813 290 1873 εἴτ’
303 1841 328 1889 q.
357 1823 429 1873 Mihi
440 1824 559 1874 nondum
571 1839 731 1888 persuasum
744 1830 786 1876 esi
799 1823 923 1886 (Sulcum.
937 1825 970 1875 de
984 1825 1088 1875 comilt.

72 1890 171 1942 Athen.
190 1907 217 1956 p.
235 1889 292 1952 122,
308 1890 349 1942 22.
370 1896 398 1942 et
417 1891 443 1942 0.
461 1889 561 1941 Sebeib.
574 1891 605 1940 in
615 1890 694 1941 Jakni
704 1890 773 1942 Ann.
788 1889 830 1942 35.
843 1908 869 1957 p.
885 1890 953 1955 136.)
967 1889 1085 1942 vccabu-

69 1959 128 2009 lum
143 1956 183 2007 Τί
201 1972 292 2022 αρχον
303 1973 359 2008 non
371 1972 462 2016 essee
474 1957 596 2008 librariis
607 1958 811 2022 interpolatum.
825 1960 884 2021 -ς
898 1961 937 2017 79,
953 1956 993 2008 11.
1010 1947 1084 2020 αἰιρι·

70 2024 128 2090 βοός
147 1974 200 2090 εὖ)
208 2017 332 2089 dapidus
349 2026 395 2088 (ish
409 2029 494 2076 recte.
522 2026 578 2076 Aut
594 2015 719 2089 ότριβοῖς
737 2018 847 2076 είδόναι
860 2022 972 2104 (1,,119.
990 2023 1015 2086 3,
1030 2022 1086 2074 166.

70 2093 157 2143 Isocr.
172 2092 196 2154 7,
213 2091 250 2142 19.
276 2093 355 2142 Dem.
368 2090 393 2152 8,
407 2091 447 2143 58.
460 2092 564 2157 Scbaef.
578 2093 613 2143 ad
622 2109 652 2209 g.
667 2091 740 2154 1464,
754 2091 807 2157 28.)
821 2097 870 2143 aui
881 2107 914 2144 εν
927 2085 1038 2143 εἰδέναι
1052 2090 1087 2156 (1,

69 2159 95 2211 5.
114 2159 157 2210 25.
177 2158 218 2210 36.
234 2159 277 2210 47.
295 2158 338 2210 55.
360 2157 415 2210 192.
440 2159 468 2222 2,
489 2158 548 2210 145.
574 2157 602 2222 3,
664 2158 689 2211 8.
705 2159 747 2212 93.
766 2157 808 2211 99.
822 2157 881 2211 246.
894 2159 965 2223 247.)
978 2159 1087 2210 dicitur.

69 2228 150 2277 Unus
166 2226 320 2277 Menander
336 2241 354 2277 a
374 2264 381 2278 .
399 2226 474 2278 Stcb.
487 2225 533 2289 37,
547 2228 586 2278 ba
606 2213 639 2278 εδ
652 2219 717 2279 ἴσθ’
728 2218 860 2296 αἰριβοῑς.
872 2254 904 2264 -
918 2231 934 2292 8
946 2230 987 2288 80,
1000 2227 1026 2278 5.
1040 2223 1088 2277 nul

69 2283 120 2346 ὅτε
133 2285 278 2360 ἐβούλευε]
289 2291 340 2344 τοι)
351 2243 471 2411 δέονλι)
484 2283 530 2345 ότι
543 2285 693 2361 ίβοόλιοσε
704 2294 777 2346 libri.
799 2297 994 2362 Imperfectum
1006 2294 1089 2362 (quum

70 2367 178 2412 ιιιιαίοτ
197 2360 266 2426 ενοι)
284 2361 349 2412 dadi
394 2365 492 2426 mperic
512 2361 676 2428 Baiteroque
689 2364 855 2413 auctoribus.
887 2362 1017 2413 Ceterum
1030 2376 1088 2411 ccr-

70 2428 247 2494 ruplissimus
265 2427 342 2479 locus
359 2429 479 2480 nondum
494 2431 640 2494 persanuri
656 2430 754 2507 potuit.
780 2429 921 2480 Credibile
939 2433 982 2478 esi
1000 2429 1089 2479 autin

72 2495 189 2561 apcdosi
199 2511 248 2560 prc
260 2495 432 2561 imperfectis
443 2497 603 2561 praesentia
615 2494 701 2562 βοατε
709 2523 741 2532 -
752 2495 852 2561 χολᾶτε
863 2521 891 2532 -
903 2491 1005 2560 λέγετε,
1019 2510 1089 2559 quae

72 2563 190 2628 Empcrii
208 2563 350 2614 sententia
369 2563 437 2624 init,
464 2566 512 2612 ant
532 2563 561 2612 in
600 2563 687 2614 rctasi
709 2552 755 2614 ότι
773 2554 869 2613 οότοσλ
886 2553 976 2626 όνέβη
996 2587 1027 2596 -
1045 2549 1077 2611 ὅτ

71 2621 243 2696 όνεμνήσθη
254 2629 301 2682 vel
313 2621 399 2680 ὁπότε
412 2619 509 2680 οὑτοσὶ
519 2580 648 2694 όνοδαίη
658 2655 690 2666 -
703 2621 788 2679 ὁπότε
800 2626 946 2693 μνησθείη
959 2628 1090 2691 scriptum

71 2698 169 2748 fuisse.
198 2698 371 2763 Quamquam
388 2695 533 2746 admodum
544 2694 721 2772 memorabile
735 2701 778 2745 esi
789 2695 861 2759 quod
872 2695 1032 2745 Priscianus
1045 2694 1090 2742 In·

70 2765 294 2830 stit.xv111.p.
313 2764 371 2816 252.
390 2763 515 2828 scripsit:
545 2763 628 2813 Attici
651 2777 720 2813 οταν
744 2755 824 2828 ἔλθῃ,
850 2762 982 2826 defuturo
995 2761 1089 2810 dicunt.

69 2834 191 2882 isaeus
208 2834 283 2882 etiam
300 2834 333 2883 de
354 2832 513 2897 praeterito:
538 2817 607 2880 όταν
631 2824 719 2896 ἔλθῃ,
746 2821 845 2880 είοόθιι
868 2818 940 2893 παρ’
953 2818 1016 2894 ἐμοί
1039 2843 1090 2877 να-

70 2892 270 2976 τόχεσθαιχιί
281 2901 384 2950 iterum:
397 2887 468 2950 ὅταν
481 2892 565 2958 ἔλθω,
578 2888 650 2961 παρ’
664 2889 764 2964 ἐκείνῳ
775 2890 951 3015 κατηχόῆην.
965 2898 1091 2962 antiquio·

69 2979 116 3016 res
126 2973 210 3016 tanwn
222 2981 270 3017 οτι
285 2960 367 3018 ἔλθοι
379 2968 411 3018 de
419 2968 566 3032 praeterito
579 2968 674 3018 dicunt.
692 2993 723 3001 -
748 2967 817 3030 381,
830 2966 856 3015 7.
909 2959 975 3016 unul
987 2963 1090 3015 Βιλλα-

69 3048 129 3091 rua,
148 3025 502 3099 niswcssuvcalceteri,
527 3031 624 3084 0182.
638 3033 663 3096 3,
677 3031 718 3085 34.
741 3059 777 3070 -
798 3022 1088 3097 583,7.ιια1ποίλιν]

70 3096 161 3150 πόλιν
173 3101 288 3164 οδμὶομν,
302 3101 373 3166 quod
387 3101 414 3152 0.
428 3101 544 3152 Scbcibic
558 3098 587 3154 (l.
601 3117 624 3152 c.
638 3100 680 3152 35.
692 3118 719 3166 p.
735 3099 802 3164 136.)
814 3106 958 3165 praestare
970 3097 1089 3150 videtur.

71 3194 106 3203 -
116 3170 133 3232 8
144 3170 192 3227 84,
205 3169 230 3218 2.
249 3158 395 3219 ίδόναοθο
407 3184 442 3218 ex
452 3172 476 3218 lc
508 3184 538 3219 rc
549 3158 702 3233 ἠδύνασθε
720 3168 839 3232 suscepi.
864 3166 908 3218 Gi.
921 3171 936 3230 ξ
948 3165 989 3217 96.
1003 3166 1033 3228 2,
1048 3163 1090 3214 92.

72 3235 129 3285 122.
143 3234 167 3298 3,
181 3233 241 3284 266.
255 3225 387 3301 ἐδυνήθη
399 3235 423 3298 l,
435 3233 478 3286 97.
489 3186 567 3286 felem
579 3251 613 3286 ex
625 3238 657 3287 dc
669 3234 694 3297 3,
709 3234 776 3297 125,
791 3249 825 3284 ex
837 3250 883 3309 acue
895 3232 1001 3310 3,“139.,
1014 3231 1091 3283 nullo

71 3301 169 3352 codice
183 3301 329 3354 addicente
341 3303 372 3366 2,
390 3301 432 3354 35.
446 3307 474 3353 et
488 3302 544 3353 125.
558 3303 668 3368 scripsi.
679 3328 715 3340 -
730 3304 804 3364 385,
817 3299 842 3352 3.
862 3297 906 3366 ον]
921 3315 958 3364 ην
970 3298 1044 3349 libri.
1057 3325 1090 3336 -

70 3371 146 3430 585,
159 3367 185 3420 8.
202 3359 276 3420 ἑάλω
289 3369 463 3421 scribendum
476 3375 544 3432 erat,
558 3370 630 3431 ut2,
646 3369 686 3418 12.
716 3366 802 3427 (31.3,
816 3366 875 3417 251.
905 3367 982 3417 Idem
993 3366 1091 3417 vitium

70 3435 157 3498 2,15.
175 3435 327 3487 tollendum
344 3441 414 3488 erat.
432 3463 465 3474 -
484 3439 556 3500 58⁶.
570 3435 594 3486 8.
613 3429 646 3485 αἶ
662 3428 695 3486 dl
712 3432 766 3486 νῦν
784 3427 932 3486 ἐνεστᾶσιν
944 3427 997 3501 ἔτι]
1012 3427 1046 3484 αἶ
1058 3427 1090 3484 dl

71 3498 173 3555 νεωστὶ
190 3501 244 3554 νόν
263 3494 305 3554 ἔτ’
322 3498 377 3555 elci
394 3504 518 3569 abplmop.
542 3502 693 3555 Probabile
706 3507 748 3552 est
761 3498 860 3552 νεωστί
873 3518 891 3552 a
901 3503 1016 3553 librario
1028 3516 1090 3566 pro·

71 3576 134 3634 pter
149 3586 177 3621 v.
194 3564 285 3622 πόλοι
303 3571 471 3636 adscriptum
489 3584 564 3633 esse,
589 3571 630 3620 ita
642 3575 673 3620 ut
684 3569 836 3620 Aeschines
848 3570 877 3620 id
890 3570 962 3636 quod
973 3566 1090 3620 Reisleius
