2486 3948
486 180 784 256 ΕΠΙΣΤΟΛΑΙ.
1059 193 1121 256 215

169 355 344 447 γυναικός,
361 354 383 444 ἢ
394 357 590 436 σννεξίπεσέ
597 381 653 442 μοι
664 355 854 434 κωλύοντος
865 351 973 440 αὐτήν
982 359 1045 420 τοῦ
1057 376 1123 420 πα·

170 453 247 544 τρὸς
257 457 313 524 καὶ
324 458 436 542 μένειν
453 465 531 533 ι’σως
547 453 803 540 ἀναγκαζόντων
818 463 888 521 τοῖν
904 452 1036 539 νόμων,
1061 449 1122 519 τόν

169 554 295 642 τρόπον
307 562 367 641 τῆς
379 555 506 633 πόλεως
515 548 763 640 μᾶλλονήτοῦς
773 553 899 639 νόμους
910 552 1119 638 ἐπισταμένη,

169 655 225 723 καὶ
240 651 321 740 μετὰ
338 662 439 741 τρισίν
455 657 585 721 παίδων
601 651 734 720 οὐδέπω
751 655 806 720 καὶ
827 660 893 720 νῦν
913 660 970 738 τῆς
993 653 1122 719 ἑαυτόν

170 759 346 840 συμφοραῖς
362 755 631 839 ἐπαισθομίνων,
654 749 732 820 οὐδὲ
750 749 869 819 ὁποίαν
886 748 999 829 αότοίς
1009 747 1028 816 ὁ
1038 745 1122 827 θεός

171 854 294 920 δέδωκε
325 853 512 938 γινομένοις
544 855 684 937 πατρίδα
711 848 774 936 τήν
799 847 984 936 Ἀθηναίων
1011 848 1120 934 πόλιν,

119 970 156 1024 13
171 947 293 1018 ὁποίαν
309 947 342 1016 δ’
360 947 487 1028 εὐθέως
502 943 746 1036 γενομένωναό
757 947 924 1038 ἀφῄρηται
935 947 1044 1017 πόλιν.
1066 949 1123 1016 καὶ

171 1053 278 1137 ἕτεροι
288 1051 366 1138 μὲν,
390 1049 434 1130 ὥς
452 1057 555 1139 ἔοικε,
575 1051 654 1132 τούς
670 1055 797 1122 ἑαυτῶν
808 1058 942 1139 παῖδας,
963 1047 1075 1138 τοὺςή
1085 1055 1122 1120 ἐν

169 1155 312 1238 Βοιωτίᾳ
323 1144 580 1236 γεννηθένταςή
597 1151 634 1218 ἐν
650 1154 813 1238 Λίτωλίᾳ,
836 1151 919 1235 πρὸς
934 1147 1020 1236 ὑμᾶς
1038 1150 1122 1236 πέμ-

171 1269 272 1318 πουσι
288 1257 346 1336 τῆς
361 1247 483 1318 αὐτόθι
499 1253 646 1329 παιδείας
663 1252 876 1337 μεθέξοντας·
900 1243 948 1327 οἷς
964 1253 1000 1316 δὲ
1017 1256 1120 1316 ταῦτα

171 1347 260 1434 παρὰ
276 1357 334 1435 τῆς
356 1347 488 1435 φύσεως
504 1345 666 1435 ὑπῆρξεν,
688 1346 729 1415 οὐ
752 1346 976 1434 δημοποιήτου
997 1345 1120 1432 πατρός

168 1439 268 1514 οὖσιν
277 1444 353 1514 οὐδ’
371 1444 423 1515 ἐπ’
443 1453 559 1526 αἰτίαις
571 1453 718 1532 αἰσχραῖς
729 1447 921 1532 ἑαλωκότος,
934 1444 1120 1531 φεύγουσιν

168 1550 215 1614 ἔτι
237 1544 365 1632 νήπιοι,
386 1547 442 1614 καὶ
463 1549 640 1632 τρέφονται
660 1551 795 1633 πένητες
816 1550 853 1614 ἐν
874 1550 991 1636 ἐρημίᾳ
1013 1547 1120 1613 τεκαὶ

120 1671 155 1724 14
169 1653 263 1732 φυγή
278 1644 424 1734 πατρῴᾳ.
447 1647 503 1712 καὶ
519 1647 595 1730 περὶ
612 1643 674 1730 μὲν
689 1654 758 1714 τῶν
773 1645 976 1731 Λυκούργου
992 1647 1121 1712 παίδων
1136 1653 1190 1710 700

168 1747 390 1830 Δημοσθένης
403 1740 484 1829 ὑμίν
500 1745 694 1830 ἐπιστέλλει,
717 1745 771 1812 καὶ
782 1749 885 1813 δείται
895 1751 1120 1822 καλῶςποιοόν

168 1847 369 1928 χαρίσασθαι
384 1837 421 1907 τό
437 1849 593 1929 πατρῷον
604 1838 716 1920 αὐτοῖς
727 1840 877 1927 όφλημα,
889 1843 945 1908 καὶ
955 1838 1049 1927 ὑμεῖς
1059 1839 1121 1908 οό-

170 1939 227 2006 &zv
245 1937 317 2006 ἀλλ’
335 1934 559 2026 ήἈθηναίων
575 1945 689 2026 ἔργον,
711 1939 903 2026 ἐλεήσαντες
925 1937 1049 2019 αὐτοὺς
1065 1941 1121 2008 καὶ

168 2034 393 2123 χαρισάμενοι,
411 2037 599 2124 ἐποιήσατε·
622 2042 678 2107 καὶ
701 2037 766 2124 γὰρ
785 2037 977 2126 ὀργίζεσθαι
998 2041 1120 2128 ῥᾳδίως

117 2157 151 2210 15
170 2133 250 2222 ὑμῖν
262 2143 341 2216 ἔθος
352 2139 420 2206 ἐστὶ
431 2140 485 2206 καὶ
495 2145 686 2224 χαρίζεσθαι
696 2139 815 2207 πόλιν·
831 2135 896 2226 ἐγώ
910 2141 946 2207 δὲ
956 2135 1041 2224 ὑπὲρ
1051 2147 1120 2207 τῶν

168 2239 315 2322 ἐμαυτοῦ
331 2242 460 2306 παίδων
477 2236 539 2308 οὐκ
556 2234 600 2308 όν
616 2236 702 2326 ὑμᾶς
718 2237 862 2326 πείσαιμ’
885 2239 929 2308 όὶν
949 2239 1118 2326 δεόμενος,

170 2332 214 2413 ὥς
225 2334 271 2421 μή
282 2361 339 2420 μοι
349 2335 393 2422 μή
404 2336 511 2423 μόνον
521 2340 558 2406 ἐν
569 2335 714 2428 ὀρφανίᾳ
727 2346 911 2425 τραφῶσιν,
923 2335 995 2406 ἀλλ’
1009 2336 1119 2425 όρφα-

168 2434 221 2502 νολ
231 2431 300 2520 ἅμα
311 2434 366 2501 καί
378 2435 527 2520 φυγόδες
544 2434 655 2520 ὅντες,
678 2435 756 2503 οὔτε
773 2434 990 2522 ἀδικήσαντες
1004 2439 1119 2514 παίδες

168 2531 277 2620 ὄντες,
306 2530 381 2600 ἀλλ’
404 2530 484 2602 οὐδὲ
505 2533 611 2614 ἄλλως
633 2533 826 2622 ἑαλωκότος,
854 2534 894 2603 τό
917 2541 1030 2622 μέντοι
1051 2543 1120 2602 τῶν

168 2631 363 2700 ἑαλωκότων
390 2633 498 2700 πάντα
520 2633 741 2724 πεπονθότεςς
774 2633 842 2702 εἶτα
862 2632 1120 2720 τελευτήσαντος

167 2728 406 2818 ἄναμνήσθητέ
425 2757 507 2818 μου,
529 2733 585 2801 καὶ
605 2739 788 2819 χαρίσασθε
809 2729 868 2811 τόις
889 2730 1031 2818 δεήσεις,
1055 2737 1120 2798 νῦν

167 2833 383 2918 προσέχοντες
402 2829 491 2919 ἡμίν.
514 2828 597 2900 ιἰλλόι
620 2833 675 2901 καὶ
697 2832 855 2919 πρόξατε,
881 2830 1001 2916 ἄνδρες
1019 2828 1120 2914 Ἀθη-

167 2943 272 3014 ναίοι,
296 2931 352 2999 καὶ
372 2936 546 3018 πείσθητε,
573 2929 613 2999 τό
638 2932 771 3019 συνήθη
797 2928 985 3010 αὐτοῖςκαὶ
1006 2933 1120 3016 μέτρια

121 3049 152 3106 1⁶
166 3034 347 3108 ποιοῦντες.
371 3028 493 3117 οὐγὰρ
510 3027 554 3097 όν
570 3028 610 3117 δή
627 3031 843 3116 τῶντρόπων
860 3027 1122 3114 όποσταίητεκαὶ
1138 3041 1188 3098 701

165 3126 383 3195 καταλόσαιτε
394 3127 457 3216 τήν
467 3137 524 3216 τῆς
534 3130 661 3208 πόλεως
672 3133 791 3212 δόξαν,
803 3125 846 3214 ήν
857 3128 910 3196 ἐπὶ
926 3127 1121 3213 χρηστότητι

165 3231 261 3311 μείζω
284 3227 339 3294 καί
357 3233 597 3318 φιλανθρωπίᾳ
615 3227 668 3294 διὰ
690 3224 814 3306 παντός
830 3232 925 3314 ἔσχεν
940 3224 963 3312 ή
980 3239 1050 3304 ταῖς
1060 3224 1122 3293 ἄλ-

165 3334 236 3404 λαις
257 3323 376 3404 πόσαις
397 3322 417 3412 ή
442 3325 544 3405 πόλις.
578 3322 651 3393 οὐδ’
676 3320 720 3392 όν
743 3324 956 3401 Μελάνωπος
977 3322 1120 3410 ίσχόσειε

164 3429 279 3492 πλείου
296 3424 437 3493 κωλύων
459 3420 545 3511 ὑμᾶς
568 3436 740 3511 μιμεῖσθαι
756 3423 818 3510 τήν
836 3427 964 3492 ἑαυτόν
980 3420 1122 3510 χρηστό·

1147 3541 1239 3900 ί
