2510 3948
200 345 261 409 122
550 343 805 401 ΑΙΣΧῙΝΟΤ

197 505 353 592 τυγχάνει
378 500 553 590 γεγραφώς
575 506 783 586 Κτησιφῶν,
802 496 858 566 διά
879 502 1032 586 βραχέων
1054 505 1172 568 είπεϊν

197 605 369 693 βούλομαι.
390 605 427 670 ἐν
437 598 501 687 γὰρ
512 614 580 678 τοῖς
589 605 781 685 ἔμπροσθεν
796 598 929 683 χρόνοις
940 595 1102 685 ἄρχοντές
1111 625 1169 666 τι·

196 726 253 780 νες
261 700 319 780 τὰς
330 707 482 787 μεγίστας
493 693 594 783 ἀρχὰς
605 697 659 762 καλ
668 696 727 774 τάς
741 695 930 781 προσόδους
941 700 1165 783 διοικοῦντες,

197 801 253 866 καί
263 800 530 882 δωροδοκοῦντες
546 795 620 878 περὶ
636 791 758 860 ἕκαστα
768 793 914 879 τούτων,
936 793 1166 880 προσλαμβά-

128 914 180 970 395
196 923 312 976 νοντες
320 895 399 975 τούς
418 919 454 963 τε
468 897 505 962 ἐκ
521 901 585 960 τού
600 898 841 979 βουλευτηρίου
856 891 1000 980 ῥήτορας
1012 893 1071 960 καὶ
1081 889 1164 970 τούς

196 1001 232 1068 ἐκ
245 1003 306 1064 τοῦ
322 995 431 1080 δήμου
441 993 621 1078 πόρρωθεν
636 990 954 1076 προκατελάμβανον
970 988 1032 1070 τάς
1051 988 1161 1058 εύθύ-

196 1121 257 1174 νας
273 1097 419 1170 ἐπαίνοις
436 1093 492 1159 καὶ
508 1089 733 1176 κηρύγμασιν,
754 1085 831 1158 ὥστ’
848 1091 887 1157 ἐν
905 1102 978 1168 ταῖς
993 1086 1160 1167 εὐθύναις

194 1202 263 1262 τω”ν
278 1190 450 1278 ἀρχόντων
466 1196 512 1269 είς
526 1188 589 1275 τήν
603 1192 759 1274 μεγίστην
769 1187 830 1273 μὲν
840 1184 984 1272 ἀπορίαν
1001 1185 1159 1272 ἀφικνεῑ·

198 1301 279 1360 σθαι
289 1291 368 1369 τούς
378 1289 600 1376 κατηγόρους,
621 1285 708 1356 πολύ
719 1286 755 1354 δὲ
766 1291 814 1354 ἔτι
829 1292 958 1371 μᾶλλον
967 1285 1048 1364 τούς
1059 1291 1159 1352 δικα-

196 1390 283 1467 στάς.
305 1380 1157 1476 πολλολγάρπόνυτσῐνύπευθύυωυέπζαύιοφιρῳ
1177 1410 1205 1462 1⁰

195 1490 409 1560 κλέπταιτεόυ
425 1488 592 1570 δημοσίων
608 1483 784 1569 χρημάτων
800 1483 895 1561 ὄντες
910 1477 1158 1568 ἐξελεγχόμενοι

81 1572 94 1594 ’
196 1585 420 1671 διεφύγγανον
430 1585 467 1649 ἐκ
478 1587 546 1648 τῶν
556 1573 943 1676 δικαστηρίωνὲκ-ότως·
967 1577 1156 1666 ᾐσχύνοντο

194 1681 259 1767 γὰρ
276 1679 367 1766 οἶμαι
384 1682 418 1746 οἱ
432 1680 596 1765 δικασταὶ,
619 1685 649 1746 εί
664 1680 847 1765 φανήσεται
863 1677 881 1748 ό
901 1676 1001 1757 αὐτός
1020 1675 1112 1765 ἀνὴρ
1123 1682 1157 1747 ἐν

193 1786 234 1869 τῇ
242 1775 327 1868 αὐτῇ
339 1775 442 1865 πόλει,
449 1774 551 1864 τυχόν
562 1778 598 1846 δὲ
608 1779 663 1846 καὶ
672 1781 711 1846 ἑν
721 1785 769 1869 τῷ
780 1776 869 1864 αύτῷ
876 1781 1030 1868 ἐνιαυτῷ,
1039 1778 1156 1868 πρῴην

195 1883 256 1968 μέν
274 1903 353 1947 ποτε
369 1876 656 1965 ἀναγορευόμενος
671 1877 709 1944 ἐν
726 1889 794 1955 τοῖς
810 1875 938 1962 ἀγῶσιν
961 1873 1013 1944 ότι
1031 1899 1154 1963 στεφα-

194 1987 312 2047 νοῦται
329 1975 445 2065 ἀρετῆς
460 1979 556 2045 ἕνεκα
572 1978 628 2043 καί
643 1973 857 2061 δικαιοσύνης
874 1972 941 2042 ύπό
957 1983 1028 2043 ’τοῦ
1046 1974 1154 2060 δήμου

194 2083 308 2163 χρυσῷ
318 2076 489 2161 στεφάνην,
501 2071 519 2141 ὁ
531 2075 567 2143 δὲ
579 2070 678 2152 αὐτὸς
687 2069 773 2158 ἀνὴρ
784 2070 906 2158 μικρόν
916 2071 1061 2159 ἐπισχών
1071 2076 1152 2152 ἔξει·
1240 2157 1241 2160 ¹

195 2190 249 2236 σιν
271 2174 308 2238 ἐκ
322 2178 389 2237 τοῦ
411 2176 623 2256 δικαστηρίου
649 2178 773 2256 κλοπῆς
800 2171 898 2238 ἕνεκα
922 2167 982 2248 τάς
1004 2168 1153 2248 εὐθύνας

12 2343 13 2352 ¹
196 2264 374 2353 ἀφληκιός·
398 2265 480 2335 ὥστε
490 2266 713 2354 ἠναγκάζοντο
724 2266 787 2354 τὴν
798 2275 914 2355 ψῆφον
926 2271 1044 2354 φέρειν
1054 2275 1090 2336 οί
1103 2273 1152 2336 δι·
1239 2309 1240 2340 ι

127 2383 178 2438 396
194 2366 311 2434 κασιαὶ
332 2361 373 2432 ού
391 2365 465 2452 περὶ
486 2372 547 2432 τοῦ
561 2367 727 2449 παρόντος
743 2365 957 2454 ἀδικήματος,
981 2364 1048 2436 ἀλλ’
1068 2365 1151 2452 ὑπὲρ
1239 2353 1240 2423 ό

194 2473 252 2552 τῆς
262 2463 617 2552 αίσχύνηςτοῦδήμου.
652 2465 798 2535 κατιδών
813 2473 852 2535 δέ
867 2495 916 2547 τις
931 2469 1038 2536 ταῦτα
1048 2494 1151 2554 υομο-
1165 2486 1189 2536 11
1238 2491 1239 2577 η

194 2565 295 2649 θέτης
305 2569 418 2650 τίθησι
428 2560 535 2648 νόμον
545 2563 601 2630 καὶ
610 2561 700 2649 μύλα
711 2571 819 2642 καλοῖς
830 2568 963 2650 ἔχοντα,
981 2562 1042 2632 τὸν
1052 2569 1147 2649 διαρ-

195 2662 302 2749 ρήδην
314 2659 565 2749 ἀπαγορεύοντα
575 2658 654 2740 τούς
664 2659 886 2740 ὑπευθύνους
892 2659 936 2749 μὴ
951 2669 1147 2746 στεφανοῦν.

194 2762 248 2828 καλ
264 2768 369 2828 ταῦτα
391 2759 497 2839 οὕτως
512 2753 553 2828 τό
569 2761 871 2848 προκατειληφότος
886 2769 950 2829 τοῦ
959 2765 1146 2847 νομοθέτου

192 2853 349 2940 εύρηνται
365 2865 549 2939 κρείττονες
565 2858 659 2944 λόγοι
674 2866 742 2926 τοδυ
761 2859 891 2945 νόμων,
913 2853 973 2938 οὓς
994 2865 1025 2926 εί
1040 2859 1146 2946 μήτις

191 2949 273 3038 ύμῖν
291 2953 372 3037 ἐρεῖ,
394 2951 509 3037 λη’σετε
524 2956 791 3043 ἐξαπατηθέντες.
828 2957 957 3024 τούτων
975 2959 1044 3044 γάρ
1064 2983 1146 3036 τινες

189 3047 1145 3142 τοῑντούςύπευθόνουςστεφανούντωνπαράτούςυόμους

191 3152 227 3217 οί
234 3147 296 3233 μὲν
307 3148 408 3234 φύσει
418 3151 547 3236 μέτριοί
560 3155 660 3237 εἰσιν,
683 3158 714 3220 εί
728 3152 770 3240 δή
786 3177 836 3231 τις
851 3155 918 3221 ἐστὶ
933 3155 1067 3239 μέτριος
1082 3161 1144 3221 τόν

122 3264 175 3322 897
188 3245 420 3336 τάπαρόνομα
436 3249 654 3337 γραφόντων·
682 3247 751 3319 ἀλλ’
764 3243 828 3318 οὖν
848 3251 1098 3345 προβάλλονταί
1108 3277 1143 3337 γε

189 3374 221 3414 τι
232 3343 297 3433 πρό
311 3353 368 3432 τῆς
378 3346 544 3433 αἰσχύνης.
563 3348 856 3436 προσεγγράφουσι
863 3342 1024 3435 γάρπρός
1033 3348 1074 3417 τό
1084 3363 1145 3436 ψη·

191 3448 339 3528 φίσματιι
360 3453 552 3531 στεφανοῦν
574 3444 636 3515 τόν
655 3443 870 3532 ὑπεύθυνον,
891 3439 1028 3516 ’ἐπειδὰν
1048 3447 1144 3534 λόγου

190 3535 648 3632 καλεύθύυυινᾶεάιχῆςδῷ.
671 3541 828 3631 καλὴμὲν
838 3543 980 3623 πόλιςτό
990 3553 1068 3614 ίσον
1078 3543 1188 3620 &BC-12
