2474 3946
195 269 238 336 80
547 267 803 328 ΑΙΣΧΙΝΟΤ
873 315 876 322 .

192 431 382 518 Ἀθηναίων
391 427 486 496 κάλει
498 427 667 513 πρέσβεις,
686 422 745 504 οὓς
756 427 940 511 ἐξέπεμψαν
951 427 1004 494 ἐπὶ
1013 423 1072 505 τοὶς
1082 427 1144 495 πό-

196 537 278 613 λεις,
297 527 475 613 μάρτυρας.
505 519 571 593 κάν
582 536 734 610 παρεῖναι
744 526 801 592 καὶ
811 522 855 610 μή
868 521 1069 612 άποδημείν,
1092 523 1150 593 ὅτε

195 624 216 712 ή
234 625 329 703 πόλις
345 622 409 711 τήν
426 622 563 710 εἰρήνην
580 625 736 706 ἐποιεῖτο,
756 621 1033 707 μαρτυρήσωσιν,
1055 617 1150 707 ήτοίς

196 720 280 810 πρός
289 720 352 809 τήν
362 718 488 810 βουλήν
504 719 616 788 αὐτόν
626 719 814 805 προσόδους
824 721 879 788 καί
894 718 936 787 τά
951 727 1149 808 ψηφίσματα

126 836 181 894 240
195 815 238 888 άν
255 819 407 907 παράσχη
426 822 463 887 ἐν
474 810 503 908 ᾦ
513 816 556 886 σύ
572 815 638 904 φής
648 816 728 886 ὄντα
743 815 869 905 χρόνῳ,
892 824 1083 905 καταβαίνω
1093 818 1149 885 καί

195 919 347 989 θανάτου
359 925 507 1004 τιμῶμαι.

131 1075 133 1080 .
278 1015 465 1101 Ἀνάγνωθτ
477 1014 517 1102 δή
528 1015 583 1083 καί
594 1011 632 1081 τό
642 1021 711 1080 τοῖν
721 1014 904 1100 συμμάχων
915 1013 1087 1100 δόγμα,τί
1094 1014 1185 1082 λέίί

195 1141 262 1202 γει,
282 1105 361 1204 ἐυχύ
376 1113 559 1200 διαρρήδην
577 1115 773 1198 γέγραπται,
794 1109 906 1198 ἐπειδὴ
920 1108 1146 1198 βονλεύεταιὸ

197 1208 520 1300 δήμοςὸἈθηναίων
529 1210 613 1298 ὑπὲρ
625 1211 757 1298 εἰρήνης
766 1209 850 1296 πρὸς
862 1217 1046 1294 Φίλιππον,
1068 1213 1106 1277 οί
1115 1209 1148 1278 δὲ

198 1313 350 1399 πρέσβεις
358 1307 453 1379 οὔπω
463 1309 625 1394 πάρεισιν,
632 1306 692 1387 ούς
702 1305 1019 1395 ἐξέττεμψενὸδῆμος
1028 1305 1148 1393 εἰςτήν

195 1407 333 1479 Ἐλλάδα
350 1415 552 1494 παρακαλῶν
566 1404 625 1485 τὰς
640 1405 753 1485 πόλεις
768 1403 852 1493 ύπέρ
874 1413 932 1492 τῆς
955 1408 1149 1490 ἐλευθερίας

196 1505 453 1592 τῶνἙλλήνων,
465 1505 624 1591 δεδόχθαι
633 1517 701 1585 τοίς
712 1503 910 1592 συμμάχοις,
929 1500 1064 1572 ἐπειδάν
1075 1506 1147 1572 ἐπι-

197 1604 389 1692 δημήσωσιν
400 1609 433 1672 οί
440 1605 594 1692 πρέσβεις
609 1606 664 1672 καί
675 1601 733 1682 τάς
748 1607 923 1691 πρεσβείας
939 1601 1147 1688 ἀπαγγείλω-

196 1723 250 1771 σιν
267 1701 454 1790 ’Λθηναίοις
476 1705 619 1782 καὶτοῖς
640 1702 838 1789 συμμάχοις,
861 1701 1053 1787 προγράψαι
1069 1701 1148 1780 τούς

196 1801 374 1889 πρυτάνεις
383 1805 555 1890 ἐκκλησίας
567 1802 629 1871 δύο
639 1800 722 1870 κατά
730 1799 791 1870 τόν
801 1799 917 1888 νόμον,
924 1799 1004 1870 ἐνδέ
1012 1800 1147 1879 ταύταις

197 1901 448 1988 βουλεύσασθαι
463 1905 537 1989 περί
565 1909 622 1989 τής
648 1901 780 1988 εἰρήνης
810 1899 1025 1987 Ἀθηναίους·
1070 1897 1091 1968 ό
1117 1925 1149 1966 τι

197 1997 229 2066 δ’
242 1995 286 2068 δυ
296 2001 515 2087 βουλεύσηται
531 1998 680 2088 ὁδήμος,
697 1997 784 2068 τοῦτ’
799 1999 884 2068 εἰναι
903 1997 1019 2069 κοινόν
1040 1998 1148 2085 δόγμα

126 2118 178 2172 241
196 2102 265 2164 τεόν
281 2099 471 2185 συμμάχων.
503 2097 679 2186 ἀνάγνωθι
700 2098 741 2185 δή
763 2124 820 2185 μοι
834 2095 873 2167 τό
890 2105 959 2168 τῶν
975 2098 1148 2183 συνέδρων

194 2193 311 2279 δόγμα.

440 2301 607 2363 ΔΟΓΜΑ
626 2300 888 2364 ΣῬΝΕΔΡΩΝ.

277 2391 528 2480 Παραυάγνωδι
546 2393 588 2479 δή
609 2419 665 2480 μοι
686 2395 741 2462 καί
760 2393 798 2462 τό
819 2399 880 2463 τοῦ
900 2397 1145 2481 Δημοσθένους
1160 2399 1188 2455 61

194 2493 365 2582 ψήφισμα,
387 2498 425 2565 ἐν
441 2485 470 2586 ᾦ
486 2493 613 2562 κελεύει
631 2492 710 2574 τοὺς
721 2491 899 2581 πρυτάνεις
909 2493 991 2579 μετά
1008 2491 1051 2562 τὰ
1062 2503 1144 2562 Διο-

195 2592 295 2662 νύοτα
304 2591 345 2663 τά
357 2595 395 2662 ἐν
404 2593 496 2662 άστει
506 2596 561 2663 καί
570 2589 863 2680 τήνέυΔτονύσου
872 2596 1051 2680 ἐκκλησίαν
1060 2616 1145 2678 προ-

195 2691 321 2779 γράψαι
331 2692 394 2760 δύο
406 2694 593 2779 ἐκκλησίας,
605 2689 667 2778 τήν
677 2695 739 2778 μὲν
748 2697 789 2780 τῇ
799 2689 902 2779 ὀγδόη
912 2689 964 2759 ἐπὶ
976 2693 1074 2777 δέκα,
1085 2687 1145 2777 τήν

195 2788 231 2855 δέ
241 2797 283 2875 τή
293 2789 392 2876 ἐνάτη
403 2792 455 2857 ἐπὶ
464 2791 560 2875 δέκα,
572 2785 691 2876 ὁρίζων
700 2787 761 2859 τόν
775 2789 899 2876 χρόνόν
908 2791 964 2858 καί
975 2800 1144 2876 προϋφαι-

195 2893 265 2973 ροίν
274 2883 333 2964 τάς
343 2891 514 2973 ἐκκλησίας
524 2890 603 2975 πρὶν
614 2891 811 2976 ἐπιδημῆσαι
826 2886 904 2968 τούς
920 2886 986 2957 άπὸ
997 2887 1143 2957 τῶνἙλ-

194 2983 306 3071 λήνων
316 2987 474 3072 πρέσβεις.
507 2988 562 3055 καί
571 2983 609 3055 τό
621 2988 682 3074 μὲν
691 2993 760 3056 τοῖν
770 2985 952 3074 συμμάχων
964 2987 1075 3074 δόγμα
1087 3013 1142 3056 κε-

192 3083 291 3168 λεύει,
302 3074 329 3174 ᾦ
339 3097 508 3152 συνειπεῖν
519 3083 648 3171 καίἐγό
660 3083 826 3172 ὁμολογοῖ,
848 3084 933 3169 ὑπὲρ
942 3093 1001 3174 τῆς
1014 3087 1145 3176 εἰρήνης

194 3178 301 3269 μόνον
323 3180 409 3271 ὑμᾶς
424 3182 691 3272 βουλεύσασθαι,
713 3189 934 3274 Δημοσθένης
949 3186 987 3255 δέ
1003 3189 1060 3256 καί
1070 3187 1144 3270 περί

194 3287 379 3370 συμμαχίας
389 3283 525 3352 κελεύει.
548 3285 622 3369 λέγε
634 3283 670 3354 δὲ
680 3281 838 3365 αύτοίςτό
851 3284 1015 3374 ψήφισμα.
1222 3283 1223 3312 ³

552 3389 783 3452 ΨΗΦΙΣΜΑ.
887 3435 889 3442 ,

162 3575 166 3585 Ι
280 3485 357 3545 Ταῑν
372 3480 433 3564 μὲν
448 3480 670 3568 ψηφισμάτων
691 3479 890 3571 άμφοτέρωυ
913 3476 1095 3571 ήκούσατε,
1115 3473 1184 3551 όίλ
