<?xml version="1.0" encoding="UTF-8"?>
<!DOCTYPE html PUBLIC "-//W3C//DTD XHTML 1.0 Transitional//EN"
    "http://www.w3.org/TR/xhtml1/DTD/xhtml1-transitional.dtd">
<html xmlns="http://www.w3.org/1999/xhtml" xml:lang="en" lang="en">
 <head>
  <title>
</title>
<meta http-equiv="Content-Type" content="text/html;charset=utf-8" />
  <meta name='ocr-system' content='tesseract 3.04.00' />
  <meta name='ocr-capabilities' content='ocr_page ocr_carea ocr_par ocr_line ocrx_word'/>
</head>
<body>
  <div class='ocr_page' id='page_1' title='image "./isaeiorationesc00isaegoog_0339.png"; bbox 0 0 2474 3946; ppageno 0'>
   <div class='ocr_carea' id='block_1_1' title="bbox 173 251 776 314">
    <p class='ocr_par' dir='ltr' id='par_1_1' title="bbox 173 251 776 314">
     <span class='ocr_line' id='line_1_1' title="bbox 173 251 776 314; baseline -0.003 0"><span class='ocrx_word' id='word_1_1' title='bbox 173 251 215 314; x_wconf 71' lang='lat'><strong><em>60</em></strong></span> <span class='ocrx_word' id='word_1_2' title='bbox 519 251 776 312; x_wconf 75' lang='grc' dir='ltr'><em>ΑΙΣΧΙΝΟΤ</em></span> 
     </span>
    </p>
   </div>
   <div class='ocr_carea' id='block_1_2' title="bbox 110 406 1178 1982">
    <p class='ocr_par' dir='ltr' id='par_1_2' title="bbox 110 406 1178 1982">
     <span class='ocr_line' id='line_1_2' title="bbox 175 406 1155 498; baseline 0.002 -20"><span class='ocrx_word' id='word_1_3' title='bbox 175 418 310 498; x_wconf 78' lang='grc' dir='ltr'><strong><em>πρᾶγμα</em></strong></span> <span class='ocrx_word' id='word_1_4' title='bbox 331 410 472 495; x_wconf 85' lang='grc' dir='ltr'><strong><em>πάσχειν</em></strong></span> <span class='ocrx_word' id='word_1_5' title='bbox 493 409 589 490; x_wconf 84' lang='grc' dir='ltr'><strong><em>δόξω.</em></strong></span> <span class='ocrx_word' id='word_1_6' title='bbox 621 410 686 494; x_wconf 84' lang='grc' dir='ltr'><strong><em>είμλ</em></strong></span> <span class='ocrx_word' id='word_1_7' title='bbox 706 409 767 494; x_wconf 75' lang='grc' dir='ltr'><strong><em>μὲν</em></strong></span> <span class='ocrx_word' id='word_1_8' title='bbox 789 406 853 495; x_wconf 79' lang='grc' dir='ltr'><strong><em>γάρ</em></strong></span> <span class='ocrx_word' id='word_1_9' title='bbox 875 407 893 478; x_wconf 84' lang='grc' dir='ltr'>ὁ</span> <span class='ocrx_word' id='word_1_10' title='bbox 914 410 1155 482; x_wconf 70' lang='grc' dir='ltr'><strong><em>κινδυνεύωνλ</em></strong></span> 
     </span>
     <span class='ocr_line' id='line_1_3' title="bbox 174 507 1126 597; baseline 0 -19"><span class='ocrx_word' id='word_1_11' title='bbox 174 511 237 594; x_wconf 79' lang='grc' dir='ltr'><strong><em>έγά</em></strong></span> <span class='ocrx_word' id='word_1_12' title='bbox 258 509 337 576; x_wconf 86' lang='grc' dir='ltr'><strong><em>νυνὶ</em></strong></span> <span class='ocrx_word' id='word_1_13' title='bbox 357 510 433 594; x_wconf 81' lang='grc' dir='ltr'><strong><em>περὶ</em></strong></span> <span class='ocrx_word' id='word_1_14' title='bbox 453 513 514 576; x_wconf 85' lang='grc' dir='ltr'><strong><em>τού</em></strong></span> <span class='ocrx_word' id='word_1_15' title='bbox 532 507 698 593; x_wconf 76' lang='grc' dir='ltr'><strong><em>σώματος,</em></strong></span> <span class='ocrx_word' id='word_1_16' title='bbox 720 515 779 594; x_wconf 85' lang='grc' dir='ltr'><strong><em>τῆς</em></strong></span> <span class='ocrx_word' id='word_1_17' title='bbox 795 507 832 576; x_wconf 72' lang='grc' dir='ltr'><strong><em>δὲ</em></strong></span> <span class='ocrx_word' id='word_1_18' title='bbox 848 515 1047 595; x_wconf 76' lang='grc' dir='ltr'><strong><em>κατηγορίας</em></strong></span> <span class='ocrx_word' id='word_1_19' title='bbox 1062 508 1126 597; x_wconf 72' lang='grc' dir='ltr'><strong><em>τὴν</em></strong></span> 
     </span>
     <span class='ocr_line' id='line_1_4' title="bbox 174 606 1128 693; baseline 0.001 -19"><span class='ocrx_word' id='word_1_20' title='bbox 174 613 332 693; x_wconf 76' lang='grc' dir='ltr'><strong><em>πλείστην</em></strong></span> <span class='ocrx_word' id='word_1_21' title='bbox 350 611 523 692; x_wconf 80' lang='grc' dir='ltr'><strong><em>πεποίηται</em></strong></span> <span class='ocrx_word' id='word_1_22' title='bbox 543 606 770 692; x_wconf 74' lang='grc' dir='ltr'><strong><em>Φιλοκράτους</em></strong></span> <span class='ocrx_word' id='word_1_23' title='bbox 790 611 846 676; x_wconf 83' lang='grc' dir='ltr'><strong><em>καλ</em></strong></span> <span class='ocrx_word' id='word_1_24' title='bbox 866 609 1052 692; x_wconf 77' lang='grc' dir='ltr'><strong><em>Φρύνωνος</em></strong></span> <span class='ocrx_word' id='word_1_25' title='bbox 1071 610 1128 676; x_wconf 81' lang='grc' dir='ltr'><strong><em>καί</em></strong></span> 
     </span>
     <span class='ocr_line' id='line_1_5' title="bbox 173 703 1126 792; baseline 0.001 -19"><span class='ocrx_word' id='word_1_26' title='bbox 173 713 242 773; x_wconf 71' lang='grc' dir='ltr'><strong><em>ταῖν</em></strong></span> <span class='ocrx_word' id='word_1_27' title='bbox 258 703 371 774; x_wconf 79' lang='grc' dir='ltr'><strong><em>ἄλλων</em></strong></span> <span class='ocrx_word' id='word_1_28' title='bbox 387 707 626 791; x_wconf 76' lang='grc' dir='ltr'><strong><em>συμπρέσβεων</em></strong></span> <span class='ocrx_word' id='word_1_29' title='bbox 644 706 699 774; x_wconf 79' lang='grc' dir='ltr'><strong><em>καί</em></strong></span> <span class='ocrx_word' id='word_1_30' title='bbox 709 711 879 774; x_wconf 79' lang='grc' dir='ltr'><strong><em>Φιλίππου</em></strong></span> <span class='ocrx_word' id='word_1_31' title='bbox 893 707 949 774; x_wconf 83' lang='grc' dir='ltr'><strong><em>καλ</em></strong></span> <span class='ocrx_word' id='word_1_32' title='bbox 965 713 1026 792; x_wconf 77' lang='grc' dir='ltr'><strong><em>τῆς</em></strong></span> <span class='ocrx_word' id='word_1_33' title='bbox 1036 706 1126 792; x_wconf 79' lang='grc' dir='ltr'><strong><em>είρή·</em></strong></span> 
     </span>
     <span class='ocr_line' id='line_1_6' title="bbox 175 801 1128 891; baseline 0 -19"><span class='ocrx_word' id='word_1_34' title='bbox 175 831 234 891; x_wconf 90' lang='grc' dir='ltr'><strong><em>νης</em></strong></span> <span class='ocrx_word' id='word_1_35' title='bbox 255 807 311 872; x_wconf 84' lang='grc' dir='ltr'><strong><em>καλ</em></strong></span> <span class='ocrx_word' id='word_1_36' title='bbox 330 811 399 872; x_wconf 76' lang='grc' dir='ltr'><strong><em>τῶν</em></strong></span> <span class='ocrx_word' id='word_1_37' title='bbox 419 801 601 891; x_wconf 80' lang='grc' dir='ltr'><strong><em>Εὐβούλου</em></strong></span> <span class='ocrx_word' id='word_1_38' title='bbox 620 803 886 890; x_wconf 71' lang='grc' dir='ltr'><strong><em>πολιτευμάτων,</em></strong></span> <span class='ocrx_word' id='word_1_39' title='bbox 905 807 943 872; x_wconf 83' lang='grc' dir='ltr'><strong><em>έν</em></strong></span> <span class='ocrx_word' id='word_1_40' title='bbox 965 803 1070 874; x_wconf 84' lang='grc' dir='ltr'><strong><em>άπασι</em></strong></span> <span class='ocrx_word' id='word_1_41' title='bbox 1089 803 1128 872; x_wconf 72' lang='grc' dir='ltr'><strong><em>δὲ</em></strong></span> 
     </span>
     <span class='ocr_line' id='line_1_7' title="bbox 174 901 1127 992; baseline -0.002 -20"><span class='ocrx_word' id='word_1_42' title='bbox 174 903 306 983; x_wconf 86' lang='grc' dir='ltr'><strong><em>τούτοις</em></strong></span> <span class='ocrx_word' id='word_1_43' title='bbox 321 901 386 988; x_wconf 76' lang='grc' dir='ltr'><strong><em>έγά</em></strong></span> <span class='ocrx_word' id='word_1_44' title='bbox 403 906 567 990; x_wconf 86' lang='grc' dir='ltr'><strong><em>τέταγμαι.</em></strong></span> <span class='ocrx_word' id='word_1_45' title='bbox 592 902 695 988; x_wconf 86' lang='grc' dir='ltr'><strong><em>μόνος</em></strong></span> <span class='ocrx_word' id='word_1_46' title='bbox 711 901 743 971; x_wconf 90' lang='grc' dir='ltr'><strong><em>δ’</em></strong></span> <span class='ocrx_word' id='word_1_47' title='bbox 762 905 799 972; x_wconf 82' lang='grc' dir='ltr'><strong><em>ἐν</em></strong></span> <span class='ocrx_word' id='word_1_48' title='bbox 815 903 961 992; x_wconf 75' lang='grc' dir='ltr'><strong><em>τῷλόγῳ</em></strong></span> <span class='ocrx_word' id='word_1_49' title='bbox 973 910 1127 992; x_wconf 84' lang='grc' dir='ltr'><strong><em>φαίνεται</em></strong></span> 
     </span>
     <span class='ocr_line' id='line_1_8' title="bbox 174 998 1128 1090; baseline -0.004 -18"><span class='ocrx_word' id='word_1_50' title='bbox 174 1002 328 1090; x_wconf 68' lang='grc' dir='ltr'><strong><em>κηδεμών</em></strong></span> <span class='ocrx_word' id='word_1_51' title='bbox 338 1009 397 1088; x_wconf 79' lang='grc' dir='ltr'><strong><em>τῆς</em></strong></span> <span class='ocrx_word' id='word_1_52' title='bbox 409 1003 537 1082; x_wconf 84' lang='grc' dir='ltr'><strong><em>πόλεως</em></strong></span> <span class='ocrx_word' id='word_1_53' title='bbox 546 1002 784 1088; x_wconf 76' lang='grc' dir='ltr'><strong><em>Δημοσθένης,</em></strong></span> <span class='ocrx_word' id='word_1_54' title='bbox 805 1007 839 1070; x_wconf 86' lang='grc' dir='ltr'><strong><em>οί</em></strong></span> <span class='ocrx_word' id='word_1_55' title='bbox 848 1001 881 1070; x_wconf 88' lang='grc' dir='ltr'><strong><em>δ’</em></strong></span> <span class='ocrx_word' id='word_1_56' title='bbox 892 998 990 1070; x_wconf 70' lang='grc' dir='ltr'><strong><em>ἄλλοι</em></strong></span> <span class='ocrx_word' id='word_1_57' title='bbox 999 1001 1128 1088; x_wconf 85' lang='grc' dir='ltr'><strong><em>κροδύ-</em></strong></span> 
     </span>
     <span class='ocr_line' id='line_1_9' title="bbox 175 1098 1129 1189; baseline -0.003 -18"><span class='ocrx_word' id='word_1_58' title='bbox 175 1130 243 1171; x_wconf 87' lang='grc' dir='ltr'><strong><em>ται·</em></strong></span> <span class='ocrx_word' id='word_1_59' title='bbox 265 1107 464 1172; x_wconf 75' lang='grc' dir='ltr'><strong><em>διατετέλεκε</em></strong></span> <span class='ocrx_word' id='word_1_60' title='bbox 479 1099 544 1189; x_wconf 79' lang='grc' dir='ltr'><strong><em>γάρ</em></strong></span> <span class='ocrx_word' id='word_1_61' title='bbox 562 1107 608 1181; x_wconf 84' lang='grc' dir='ltr'><strong><em>είς</em></strong></span> <span class='ocrx_word' id='word_1_62' title='bbox 617 1098 703 1189; x_wconf 81' lang='grc' dir='ltr'><strong><em>ἡμᾶς</em></strong></span> <span class='ocrx_word' id='word_1_63' title='bbox 713 1098 873 1188; x_wconf 72' lang='grc' dir='ltr'><strong><em>ὑβρίζων,</em></strong></span> <span class='ocrx_word' id='word_1_64' title='bbox 895 1103 950 1169; x_wconf 80' lang='grc' dir='ltr'><strong><em>καί</em></strong></span> <span class='ocrx_word' id='word_1_65' title='bbox 959 1105 1129 1186; x_wconf 81' lang='grc' dir='ltr'><strong><em>λοιδορίαις</em></strong></span> 
     </span>
     <span class='ocr_line' id='line_1_10' title="bbox 175 1196 1130 1289; baseline -0.004 -19"><span class='ocrx_word' id='word_1_66' title='bbox 175 1208 307 1284; x_wconf 75' lang='grc' dir='ltr'><strong><em>ψευδεῖς</em></strong></span> <span class='ocrx_word' id='word_1_67' title='bbox 319 1200 381 1271; x_wconf 87' lang='grc' dir='ltr'><strong><em>ούκ</em></strong></span> <span class='ocrx_word' id='word_1_68' title='bbox 392 1206 463 1289; x_wconf 85' lang='grc' dir='ltr'><strong><em>έμολ</em></strong></span> <span class='ocrx_word' id='word_1_69' title='bbox 474 1201 582 1288; x_wconf 85' lang='grc' dir='ltr'><strong><em>μόνον</em></strong></span> <span class='ocrx_word' id='word_1_70' title='bbox 591 1200 864 1287; x_wconf 83' lang='grc' dir='ltr'><strong><em>λοιδορούμενος,</em></strong></span> <span class='ocrx_word' id='word_1_71' title='bbox 886 1196 972 1268; x_wconf 80' lang='grc' dir='ltr'><strong><em>άλλύ</em></strong></span> <span class='ocrx_word' id='word_1_72' title='bbox 989 1201 1044 1268; x_wconf 81' lang='grc' dir='ltr'><strong><em>καὶ</em></strong></span> <span class='ocrx_word' id='word_1_73' title='bbox 1060 1212 1130 1277; x_wconf 76' lang='grc' dir='ltr'><strong><em>τοῖς</em></strong></span> 
     </span>
     <span class='ocr_line' id='line_1_11' title="bbox 176 1294 1159 1387; baseline -0.002 -19"><span class='ocrx_word' id='word_1_74' title='bbox 176 1299 298 1380; x_wconf 76' lang='grc' dir='ltr'><strong><em>ἄλλοις.</em></strong></span> <span class='ocrx_word' id='word_1_75' title='bbox 319 1298 361 1370; x_wconf 80' lang='grc' dir='ltr'><strong><em>δν</em></strong></span> <span class='ocrx_word' id='word_1_76' title='bbox 381 1297 416 1371; x_wconf 88' lang='grc' dir='ltr'><strong><em>δ’</em></strong></span> <span class='ocrx_word' id='word_1_77' title='bbox 439 1296 544 1378; x_wconf 85' lang='grc' dir='ltr'><strong><em>ούτως</em></strong></span> <span class='ocrx_word' id='word_1_78' title='bbox 565 1294 726 1387; x_wconf 74' lang='grc' dir='ltr'><strong><em>ἀτιμάζει,</em></strong></span> <span class='ocrx_word' id='word_1_79' title='bbox 754 1298 855 1366; x_wconf 84' lang='grc' dir='ltr'><strong><em>πάλιν</em></strong></span> <span class='ocrx_word' id='word_1_80' title='bbox 877 1303 912 1366; x_wconf 82' lang='grc' dir='ltr'><strong><em>ἐκ</em></strong></span> <span class='ocrx_word' id='word_1_81' title='bbox 933 1305 1159 1386; x_wconf 78' lang='grc' dir='ltr'><strong><em>μεταβολῆς,9</em></strong></span> 
     </span>
     <span class='ocr_line' id='line_1_12' title="bbox 176 1393 1129 1486; baseline -0.004 -16"><span class='ocrx_word' id='word_1_82' title='bbox 176 1399 262 1470; x_wconf 84' lang='grc' dir='ltr'><strong><em>ὅπου</em></strong></span> <span class='ocrx_word' id='word_1_83' title='bbox 272 1399 374 1486; x_wconf 83' lang='grc' dir='ltr'><strong><em>τύχοι,</em></strong></span> <span class='ocrx_word' id='word_1_84' title='bbox 387 1398 498 1485; x_wconf 73' lang='grc' dir='ltr'><strong><em>ὥσπερ</em></strong></span> <span class='ocrx_word' id='word_1_85' title='bbox 506 1395 715 1484; x_wconf 79' lang='grc' dir='ltr'><strong><em>Ἀλκιβιάδην</em></strong></span> <span class='ocrx_word' id='word_1_86' title='bbox 724 1393 747 1486; x_wconf 76' lang='grc' dir='ltr'><strong><em>ἦ</em></strong></span> <span class='ocrx_word' id='word_1_87' title='bbox 757 1401 979 1484; x_wconf 81' lang='grc' dir='ltr'><strong><em>Θεμιστοκλέα</em></strong></span> <span class='ocrx_word' id='word_1_88' title='bbox 989 1403 1129 1482; x_wconf 85' lang='grc' dir='ltr'><strong><em>κρίνων,</em></strong></span> 
     </span>
     <span class='ocr_line' id='line_1_13' title="bbox 175 1494 1130 1586; baseline -0.003 -19"><span class='ocrx_word' id='word_1_89' title='bbox 175 1505 210 1567; x_wconf 83' lang='grc' dir='ltr'><strong><em>ολ</em></strong></span> <span class='ocrx_word' id='word_1_90' title='bbox 218 1508 372 1568; x_wconf 75' lang='grc' dir='ltr'><strong><em>πλείστου</em></strong></span> <span class='ocrx_word' id='word_1_91' title='bbox 382 1504 450 1565; x_wconf 79' lang='grc' dir='ltr'><strong><em>τῶν</em></strong></span> <span class='ocrx_word' id='word_1_92' title='bbox 457 1495 624 1584; x_wconf 78' lang='grc' dir='ltr'><strong><em>Ἑλλήνων</em></strong></span> <span class='ocrx_word' id='word_1_93' title='bbox 633 1499 712 1586; x_wconf 76' lang='grc' dir='ltr'><strong><em>δόξῃ</em></strong></span> <span class='ocrx_word' id='word_1_94' title='bbox 723 1497 912 1583; x_wconf 85' lang='grc' dir='ltr'><strong><em>διήνεγκαν,</em></strong></span> <span class='ocrx_word' id='word_1_95' title='bbox 924 1494 1130 1583; x_wconf 72' lang='grc' dir='ltr'><strong><em>ἀνῃρηκέναι</em></strong></span> 
     </span>
     <span class='ocr_line' id='line_1_14' title="bbox 110 1591 1131 1682; baseline -0.003 -17"><span class='ocrx_word' id='word_1_96' title='bbox 110 1613 158 1668; x_wconf 78' lang='lat'><strong><em>194</em></strong></span> <span class='ocrx_word' id='word_1_97' title='bbox 176 1599 237 1682; x_wconf 73' lang='grc' dir='ltr'><strong><em>μὲν</em></strong></span> <span class='ocrx_word' id='word_1_98' title='bbox 248 1603 391 1665; x_wconf 77' lang='grc' dir='ltr'><strong><em>αἰτιᾶταί</em></strong></span> <span class='ocrx_word' id='word_1_99' title='bbox 404 1621 445 1682; x_wconf 91' lang='grc' dir='ltr'><strong><em>με</em></strong></span> <span class='ocrx_word' id='word_1_100' title='bbox 460 1593 518 1680; x_wconf 78' lang='grc' dir='ltr'><strong><em>τὰς</em></strong></span> <span class='ocrx_word' id='word_1_101' title='bbox 531 1599 568 1664; x_wconf 83' lang='grc' dir='ltr'><strong><em>έν</em></strong></span> <span class='ocrx_word' id='word_1_102' title='bbox 579 1604 733 1664; x_wconf 81' lang='grc' dir='ltr'><strong><em>Φωκεῦσι</em></strong></span> <span class='ocrx_word' id='word_1_103' title='bbox 750 1595 877 1682; x_wconf 88' lang='grc' dir='ltr'><strong><em>πόλεις,</em></strong></span> <span class='ocrx_word' id='word_1_104' title='bbox 900 1591 1131 1682; x_wconf 73' lang='grc' dir='ltr'><strong><em>ἀπηλλοτριω-</em></strong></span> 
     </span>
     <span class='ocr_line' id='line_1_15' title="bbox 175 1691 1131 1785; baseline -0.001 -23"><span class='ocrx_word' id='word_1_105' title='bbox 175 1698 268 1762; x_wconf 85' lang='grc' dir='ltr'><strong><em>κέναι</em></strong></span> <span class='ocrx_word' id='word_1_106' title='bbox 279 1691 311 1762; x_wconf 81' lang='grc' dir='ltr'><strong><em>δ’</em></strong></span> <span class='ocrx_word' id='word_1_107' title='bbox 328 1692 390 1780; x_wconf 75' lang='grc' dir='ltr'><strong><em>ἅμ’</em></strong></span> <span class='ocrx_word' id='word_1_108' title='bbox 408 1692 504 1780; x_wconf 74' lang='grc' dir='ltr'><strong><em>ὑμῶν</em></strong></span> <span class='ocrx_word' id='word_1_109' title='bbox 513 1695 574 1764; x_wconf 84' lang='grc' dir='ltr'><strong><em>τὸν</em></strong></span> <span class='ocrx_word' id='word_1_110' title='bbox 584 1698 637 1764; x_wconf 80' lang='grc' dir='ltr'><strong><em>ἐπὶ</em></strong></span> <span class='ocrx_word' id='word_1_111' title='bbox 650 1695 783 1785; x_wconf 78' lang='grc' dir='ltr'><strong><em>Θράκης</em></strong></span> <span class='ocrx_word' id='word_1_112' title='bbox 792 1695 912 1779; x_wconf 81' lang='grc' dir='ltr'><strong><em>τόπον,</em></strong></span> <span class='ocrx_word' id='word_1_113' title='bbox 931 1696 1131 1781; x_wconf 83' lang='grc' dir='ltr'><strong><em>ἐκβεβληκέ-</em></strong></span> 
     </span>
     <span class='ocr_line' id='line_1_16' title="bbox 176 1791 1130 1882; baseline -0.001 -21"><span class='ocrx_word' id='word_1_114' title='bbox 176 1791 236 1861; x_wconf 85' lang='grc' dir='ltr'><strong><em>ναι</em></strong></span> <span class='ocrx_word' id='word_1_115' title='bbox 247 1791 283 1862; x_wconf 74' lang='grc' dir='ltr'><strong><em>δλ</em></strong></span> <span class='ocrx_word' id='word_1_116' title='bbox 299 1794 355 1862; x_wconf 80' lang='grc' dir='ltr'><strong><em>καὶ</em></strong></span> <span class='ocrx_word' id='word_1_117' title='bbox 370 1801 428 1882; x_wconf 79' lang='grc' dir='ltr'><strong><em>τῆς</em></strong></span> <span class='ocrx_word' id='word_1_118' title='bbox 445 1791 547 1882; x_wconf 75' lang='grc' dir='ltr'><strong><em>ἀρχῆς</em></strong></span> <span class='ocrx_word' id='word_1_119' title='bbox 560 1796 830 1881; x_wconf 75' lang='grc' dir='ltr'><strong><em>Κερσοβλέπτην,</em></strong></span> <span class='ocrx_word' id='word_1_120' title='bbox 844 1792 951 1876; x_wconf 76' lang='grc' dir='ltr'><strong><em>ἄνδρα</em></strong></span> <span class='ocrx_word' id='word_1_121' title='bbox 962 1799 1062 1878; x_wconf 86' lang='grc' dir='ltr'><strong><em>φίλαν</em></strong></span> <span class='ocrx_word' id='word_1_122' title='bbox 1072 1792 1130 1860; x_wconf 85' lang='grc' dir='ltr'><strong><em>καὶ</em></strong></span> 
     </span>
     <span class='ocr_line' id='line_1_17' title="bbox 176 1889 1178 1982; baseline -0.005 -22"><span class='ocrx_word' id='word_1_123' title='bbox 176 1890 349 1982; x_wconf 81' lang='grc' dir='ltr'><strong><em>σύμμαχον</em></strong></span> <span class='ocrx_word' id='word_1_124' title='bbox 368 1902 427 1982; x_wconf 77' lang='grc' dir='ltr'><strong><em>τῆς</em></strong></span> <span class='ocrx_word' id='word_1_125' title='bbox 448 1894 584 1973; x_wconf 83' lang='grc' dir='ltr'><strong><em>πόλεως.</em></strong></span> <span class='ocrx_word' id='word_1_126' title='bbox 617 1895 800 1979; x_wconf 75' lang='grc' dir='ltr'><strong><em>ἐνεχείρησε</em></strong></span> <span class='ocrx_word' id='word_1_127' title='bbox 822 1889 855 1959; x_wconf 87' lang='grc' dir='ltr'><strong><em>δ’</em></strong></span> <span class='ocrx_word' id='word_1_128' title='bbox 878 1890 1065 1970; x_wconf 77' lang='grc' dir='ltr'><strong><em>ἀπεικάζειν</em></strong></span> <span class='ocrx_word' id='word_1_129' title='bbox 1086 1915 1130 1974; x_wconf 90' lang='grc' dir='ltr'><strong><em>με</em></strong></span> <span class='ocrx_word' id='word_1_130' title='bbox 1145 1901 1178 1955; x_wconf 84' lang='grc'><strong><em>10</em></strong></span> 
     </span>
    </p>
   </div>
   <div class='ocr_carea' id='block_1_3' title="bbox 111 1989 1235 2472">
    <p class='ocr_par' dir='ltr' id='par_1_3' title="bbox 111 1989 1235 2472">
     <span class='ocr_line' id='line_1_18' title="bbox 175 1989 1132 2085; baseline -0.008 -23"><span class='ocrx_word' id='word_1_131' title='bbox 175 2001 346 2084; x_wconf 74' lang='grc' dir='ltr'><strong><em>Διονυσίῳ</em></strong></span> <span class='ocrx_word' id='word_1_132' title='bbox 362 2001 410 2085; x_wconf 76' lang='grc' dir='ltr'><strong><em>τῷ</em></strong></span> <span class='ocrx_word' id='word_1_133' title='bbox 426 1999 580 2071; x_wconf 84' lang='grc' dir='ltr'><strong><em>Σικελίας</em></strong></span> <span class='ocrx_word' id='word_1_134' title='bbox 596 1991 769 2079; x_wconf 78' lang='grc' dir='ltr'><strong><em>τυράννῳ,</em></strong></span> <span class='ocrx_word' id='word_1_135' title='bbox 801 1991 855 2058; x_wconf 83' lang='grc' dir='ltr'><strong><em>καλ</em></strong></span> <span class='ocrx_word' id='word_1_136' title='bbox 877 1989 959 2074; x_wconf 85' lang='grc' dir='ltr'><strong><em>μετά</em></strong></span> <span class='ocrx_word' id='word_1_137' title='bbox 979 1990 1132 2073; x_wconf 81' lang='grc' dir='ltr'><strong><em>σπουδῆς</em></strong></span> 
     </span>
     <span class='ocr_line' id='line_1_19' title="bbox 175 2083 1131 2178; baseline -0.002 -22"><span class='ocrx_word' id='word_1_138' title='bbox 175 2093 229 2158; x_wconf 81' lang='grc' dir='ltr'><strong><em>καὶ</em></strong></span> <span class='ocrx_word' id='word_1_139' title='bbox 253 2101 401 2176; x_wconf 78' lang='grc' dir='ltr'><strong><em>κραυγῆς</em></strong></span> <span class='ocrx_word' id='word_1_140' title='bbox 417 2099 541 2178; x_wconf 79' lang='grc' dir='ltr'><strong><em>πολλῆς</em></strong></span> <span class='ocrx_word' id='word_1_141' title='bbox 557 2085 820 2178; x_wconf 75' lang='grc' dir='ltr'><strong><em>παρεκελεύσαθ’</em></strong></span> <span class='ocrx_word' id='word_1_142' title='bbox 843 2084 923 2173; x_wconf 82' lang='grc' dir='ltr'><strong><em>ύμίν</em></strong></span> <span class='ocrx_word' id='word_1_143' title='bbox 943 2083 981 2153; x_wconf 83' lang='grc' dir='ltr'><strong><em>τύ</em></strong></span> <span class='ocrx_word' id='word_1_144' title='bbox 1005 2092 1131 2172; x_wconf 73' lang='grc' dir='ltr'><strong><em>θηρίον</em></strong></span> 
     </span>
     <span class='ocr_line' id='line_1_20' title="bbox 111 2187 1133 2277; baseline -0.011 -13"><span class='ocrx_word' id='word_1_145' title='bbox 111 2209 159 2264; x_wconf 81' lang='grc'><strong><em>195</em></strong></span> <span class='ocrx_word' id='word_1_146' title='bbox 176 2189 404 2274; x_wconf 79' lang='grc' dir='ltr'><strong><em>φυλάξασθαι,</em></strong></span> <span class='ocrx_word' id='word_1_147' title='bbox 426 2187 527 2256; x_wconf 81' lang='grc' dir='ltr'><strong><em>καὶτὰ</em></strong></span> <span class='ocrx_word' id='word_1_148' title='bbox 541 2197 598 2274; x_wconf 82' lang='grc' dir='ltr'><strong><em>τῆς</em></strong></span> <span class='ocrx_word' id='word_1_149' title='bbox 612 2193 731 2277; x_wconf 85' lang='grc' dir='ltr'><strong><em>ίερείας</em></strong></span> <span class='ocrx_word' id='word_1_150' title='bbox 742 2188 901 2256; x_wconf 84' lang='grc' dir='ltr'><strong><em>ἐνύπνιον</em></strong></span> <span class='ocrx_word' id='word_1_151' title='bbox 910 2193 968 2272; x_wconf 80' lang='grc' dir='ltr'><strong><em>τῆς</em></strong></span> <span class='ocrx_word' id='word_1_152' title='bbox 978 2190 1014 2254; x_wconf 87' lang='grc' dir='ltr'><strong><em>έν</em></strong></span> <span class='ocrx_word' id='word_1_153' title='bbox 1023 2193 1133 2254; x_wconf 81' lang='grc' dir='ltr'><strong><em>Σικε·</em></strong></span> 
     </span>
     <span class='ocr_line' id='line_1_21' title="bbox 177 2283 1132 2375; baseline -0.001 -20"><span class='ocrx_word' id='word_1_154' title='bbox 177 2293 231 2375; x_wconf 79' lang='grc' dir='ltr'><strong><em>λίηι</em></strong></span> <span class='ocrx_word' id='word_1_155' title='bbox 249 2284 436 2372; x_wconf 80' lang='grc' dir='ltr'><strong><em>διηγήσατο.</em></strong></span> <span class='ocrx_word' id='word_1_156' title='bbox 461 2284 548 2353; x_wconf 87' lang='grc' dir='ltr'><strong><em>ούτω</em></strong></span> <span class='ocrx_word' id='word_1_157' title='bbox 566 2285 596 2353; x_wconf 87' lang='grc' dir='ltr'><strong><em>δ’</em></strong></span> <span class='ocrx_word' id='word_1_158' title='bbox 609 2285 681 2356; x_wconf 83' lang='grc' dir='ltr'><strong><em>άνω</em></strong></span> <span class='ocrx_word' id='word_1_159' title='bbox 692 2283 729 2354; x_wconf 86' lang='grc' dir='ltr'><strong><em>τύ</em></strong></span> <span class='ocrx_word' id='word_1_160' title='bbox 742 2293 877 2372; x_wconf 80' lang='grc' dir='ltr'><strong><em>πρᾶγμα</em></strong></span> <span class='ocrx_word' id='word_1_161' title='bbox 890 2285 1008 2371; x_wconf 78' lang='grc' dir='ltr'><strong><em>ἐξάρας</em></strong></span> <span class='ocrx_word' id='word_1_162' title='bbox 1017 2284 1132 2370; x_wconf 77' lang='grc' dir='ltr'><strong><em>ἐφθό-</em></strong></span> 
     </span>
     <span class='ocr_line' id='line_1_22' title="bbox 177 2382 1235 2472; baseline -0.003 -20"><span class='ocrx_word' id='word_1_163' title='bbox 177 2385 260 2472; x_wconf 87' lang='grc' dir='ltr'><strong><em>νησέ</em></strong></span> <span class='ocrx_word' id='word_1_164' title='bbox 273 2409 339 2472; x_wconf 88' lang='grc' dir='ltr'><strong><em>μου</em></strong></span> <span class='ocrx_word' id='word_1_165' title='bbox 349 2397 420 2464; x_wconf 73' lang='grc' dir='ltr'><strong><em>ταῖς</em></strong></span> <span class='ocrx_word' id='word_1_166' title='bbox 430 2387 612 2471; x_wconf 80' lang='grc' dir='ltr'><strong><em>διαβολαῖς,</em></strong></span> <span class='ocrx_word' id='word_1_167' title='bbox 624 2383 682 2463; x_wconf 81' lang='grc' dir='ltr'><strong><em>τάς</em></strong></span> <span class='ocrx_word' id='word_1_168' title='bbox 695 2391 799 2464; x_wconf 86' lang='grc' dir='ltr'><strong><em>αίτίας</em></strong></span> <span class='ocrx_word' id='word_1_169' title='bbox 808 2382 978 2462; x_wconf 75' lang='grc' dir='ltr'><strong><em>ἀνατιθεὶς</em></strong></span> <span class='ocrx_word' id='word_1_170' title='bbox 987 2391 1056 2451; x_wconf 71' lang='grc' dir='ltr'><strong><em>τῶν</em></strong></span> <span class='ocrx_word' id='word_1_171' title='bbox 1066 2405 1131 2450; x_wconf 86' lang='grc' dir='ltr'><strong><em>πε·-</em></strong></span> <span class='ocrx_word' id='word_1_172' title='bbox 1234 2413 1235 2424; x_wconf 59' lang='lat'>2</span> 
     </span>
    </p>
   </div>
   <div class='ocr_carea' id='block_1_4' title="bbox 110 2478 1235 3559">
    <p class='ocr_par' dir='ltr' id='par_1_4' title="bbox 110 2478 1235 3559">
     <span class='ocr_line' id='line_1_23' title="bbox 177 2478 1235 2570; baseline -0.006 -19"><span class='ocrx_word' id='word_1_173' title='bbox 177 2486 377 2570; x_wconf 86' lang='grc' dir='ltr'><strong><em>πραγμένων</em></strong></span> <span class='ocrx_word' id='word_1_174' title='bbox 389 2479 430 2550; x_wconf 92' lang='grc' dir='ltr'><strong><em>ού</em></strong></span> <span class='ocrx_word' id='word_1_175' title='bbox 448 2494 516 2561; x_wconf 80' lang='grc' dir='ltr'><strong><em>τοῖς</em></strong></span> <span class='ocrx_word' id='word_1_176' title='bbox 526 2483 613 2568; x_wconf 80' lang='grc' dir='ltr'><strong><em>ε’μοῑς</em></strong></span> <span class='ocrx_word' id='word_1_177' title='bbox 623 2480 749 2567; x_wconf 88' lang='grc' dir='ltr'><strong><em>λύγοις,</em></strong></span> <span class='ocrx_word' id='word_1_178' title='bbox 761 2478 844 2550; x_wconf 77' lang='grc' dir='ltr'><strong><em>ἀλλὰ</em></strong></span> <span class='ocrx_word' id='word_1_179' title='bbox 855 2493 921 2560; x_wconf 84' lang='grc' dir='ltr'><strong><em>τολς</em></strong></span> <span class='ocrx_word' id='word_1_180' title='bbox 933 2478 1050 2559; x_wconf 83' lang='grc' dir='ltr'><strong><em>ὅπλοις</em></strong></span> <span class='ocrx_word' id='word_1_181' title='bbox 1059 2493 1131 2558; x_wconf 77' lang='grc' dir='ltr'><strong><em>τοῖς</em></strong></span> <span class='ocrx_word' id='word_1_182' title='bbox 1234 2503 1235 2568; x_wconf 58' lang='lat'>3</span> 
     </span>
     <span class='ocr_line' id='line_1_24' title="bbox 177 2577 1235 2667; baseline -0.006 -17"><span class='ocrx_word' id='word_1_183' title='bbox 177 2588 353 2650; x_wconf 85' lang='grc' dir='ltr'><strong><em>Φιλίππου.</em></strong></span> <span class='ocrx_word' id='word_1_184' title='bbox 386 2577 470 2665; x_wconf 78' lang='grc' dir='ltr'><strong><em>πρὸς</em></strong></span> <span class='ocrx_word' id='word_1_185' title='bbox 491 2583 527 2649; x_wconf 78' lang='grc' dir='ltr'><strong><em>δὲ</em></strong></span> <span class='ocrx_word' id='word_1_186' title='bbox 547 2581 712 2666; x_wconf 89' lang='grc' dir='ltr'><strong><em>τοσαύτην</em></strong></span> <span class='ocrx_word' id='word_1_187' title='bbox 735 2581 861 2667; x_wconf 85' lang='grc' dir='ltr'><strong><em>τόλμαν</em></strong></span> <span class='ocrx_word' id='word_1_188' title='bbox 882 2582 936 2650; x_wconf 83' lang='grc' dir='ltr'><strong><em>καὶ</em></strong></span> <span class='ocrx_word' id='word_1_189' title='bbox 955 2585 1130 2665; x_wconf 85' lang='grc' dir='ltr'><strong><em>τερατείαν</em></strong></span> <span class='ocrx_word' id='word_1_190' title='bbox 1148 2593 1183 2645; x_wconf 85' lang='lat'><strong><em>11</em></strong></span> <span class='ocrx_word' id='word_1_191' title='bbox 1234 2591 1235 2666; x_wconf 60' lang='grc' dir='ltr'>ᾗ</span> 
     </span>
     <span class='ocr_line' id='line_1_25' title="bbox 176 2678 1235 2767; baseline -0.001 -18"><span class='ocrx_word' id='word_1_192' title='bbox 176 2679 363 2767; x_wconf 81' lang='grc' dir='ltr'><strong><em>άνθριέπου</em></strong></span> <span class='ocrx_word' id='word_1_193' title='bbox 379 2678 525 2766; x_wconf 81' lang='grc' dir='ltr'><strong><em>χαλεπὸν</em></strong></span> <span class='ocrx_word' id='word_1_194' title='bbox 541 2681 596 2748; x_wconf 83' lang='grc' dir='ltr'><strong><em>καὶ</em></strong></span> <span class='ocrx_word' id='word_1_195' title='bbox 614 2684 895 2766; x_wconf 79' lang='grc' dir='ltr'><strong><em>διαμνημονεῦσαι</em></strong></span> <span class='ocrx_word' id='word_1_196' title='bbox 907 2679 948 2748; x_wconf 82' lang='grc' dir='ltr'><strong><em>τά</em></strong></span> <span class='ocrx_word' id='word_1_197' title='bbox 964 2683 1130 2764; x_wconf 78' lang='grc' dir='ltr'><strong><em>λεχθέντα</em></strong></span> <span class='ocrx_word' id='word_1_198' title='bbox 1234 2741 1235 2748; x_wconf 71' lang='grc'><strong><em>,</em></strong></span> 
     </span>
     <span class='ocr_line' id='line_1_26' title="bbox 175 2767 1235 2867; baseline -0.003 -18"><span class='ocrx_word' id='word_1_199' title='bbox 175 2777 256 2849; x_wconf 70' lang='grc' dir='ltr'><strong><em>καθ’</em></strong></span> <span class='ocrx_word' id='word_1_200' title='bbox 270 2781 392 2850; x_wconf 76' lang='grc' dir='ltr'><strong><em>ἕκαστα</em></strong></span> <span class='ocrx_word' id='word_1_201' title='bbox 403 2782 458 2848; x_wconf 80' lang='grc' dir='ltr'><strong><em>καί</em></strong></span> <span class='ocrx_word' id='word_1_202' title='bbox 468 2784 576 2867; x_wconf 88' lang='grc' dir='ltr'><strong><em>λέγειν</em></strong></span> <span class='ocrx_word' id='word_1_203' title='bbox 587 2779 667 2865; x_wconf 81' lang='grc' dir='ltr'><strong><em>μετὰ</em></strong></span> <span class='ocrx_word' id='word_1_204' title='bbox 679 2777 842 2849; x_wconf 90' lang='grc' dir='ltr'><strong><em>κινδύνου</em></strong></span> <span class='ocrx_word' id='word_1_205' title='bbox 859 2775 942 2863; x_wconf 82' lang='grc' dir='ltr'><strong><em>πρὸς</em></strong></span> <span class='ocrx_word' id='word_1_206' title='bbox 957 2775 1130 2864; x_wconf 86' lang='grc' dir='ltr'><strong><em>άπροσδο-</em></strong></span> <span class='ocrx_word' id='word_1_207' title='bbox 1234 2767 1235 2780; x_wconf 51' lang='grc'>’</span> 
     </span>
     <span class='ocr_line' id='line_1_27' title="bbox 175 2870 1131 2965; baseline -0.002 -19"><span class='ocrx_word' id='word_1_208' title='bbox 175 2878 297 2964; x_wconf 82' lang='grc' dir='ltr'><strong><em>κήτους</em></strong></span> <span class='ocrx_word' id='word_1_209' title='bbox 315 2877 477 2962; x_wconf 89' lang='grc' dir='ltr'><strong><em>διαβολάς.</em></strong></span> <span class='ocrx_word' id='word_1_210' title='bbox 500 2870 523 2965; x_wconf 75' lang='grc' dir='ltr'><strong><em>ᾖ</em></strong></span> <span class='ocrx_word' id='word_1_211' title='bbox 541 2873 571 2943; x_wconf 85' lang='grc' dir='ltr'><strong><em>δ’</em></strong></span> <span class='ocrx_word' id='word_1_212' title='bbox 590 2875 734 2963; x_wconf 82' lang='grc' dir='ltr'><strong><em>ἡγοῦμαι</em></strong></span> <span class='ocrx_word' id='word_1_213' title='bbox 745 2876 972 2962; x_wconf 86' lang='grc' dir='ltr'><strong><em>σαφεστάτους</em></strong></span> <span class='ocrx_word' id='word_1_214' title='bbox 982 2899 1041 2962; x_wconf 91' lang='grc' dir='ltr'><strong><em>μοι</em></strong></span> <span class='ocrx_word' id='word_1_215' title='bbox 1049 2874 1131 2954; x_wconf 84' lang='grc' dir='ltr'><strong><em>τούς</em></strong></span> 
     </span>
     <span class='ocr_line' id='line_1_28' title="bbox 110 2972 1130 3062; baseline -0.007 -14"><span class='ocrx_word' id='word_1_216' title='bbox 110 2995 160 3050; x_wconf 81' lang='lat'><strong><em>196</em></strong></span> <span class='ocrx_word' id='word_1_217' title='bbox 176 2974 297 3062; x_wconf 87' lang='grc' dir='ltr'><strong><em>λόγους</em></strong></span> <span class='ocrx_word' id='word_1_218' title='bbox 313 2979 449 3044; x_wconf 76' lang='grc' dir='ltr'><strong><em>ἔσεσθαι</em></strong></span> <span class='ocrx_word' id='word_1_219' title='bbox 465 2978 521 3043; x_wconf 80' lang='grc' dir='ltr'><strong><em>καὶ</em></strong></span> <span class='ocrx_word' id='word_1_220' title='bbox 530 2981 719 3061; x_wconf 85' lang='grc' dir='ltr'><strong><em>γνωρίμους</em></strong></span> <span class='ocrx_word' id='word_1_221' title='bbox 729 2972 809 3062; x_wconf 79' lang='grc' dir='ltr'><strong><em>ύμλν</em></strong></span> <span class='ocrx_word' id='word_1_222' title='bbox 818 2975 874 3049; x_wconf 81' lang='grc' dir='ltr'><strong><em>καὶ</em></strong></span> <span class='ocrx_word' id='word_1_223' title='bbox 885 2978 1049 3060; x_wconf 86' lang='grc' dir='ltr'><strong><em>δικαίους,</em></strong></span> <span class='ocrx_word' id='word_1_224' title='bbox 1071 2975 1130 3041; x_wconf 80' lang='grc' dir='ltr'><strong><em>ἐν·</em></strong></span> 
     </span>
     <span class='ocr_line' id='line_1_29' title="bbox 175 3070 1131 3162; baseline -0.003 -20"><span class='ocrx_word' id='word_1_225' title='bbox 175 3081 301 3142; x_wconf 79' lang='grc' dir='ltr'><strong><em>τεύθιν</em></strong></span> <span class='ocrx_word' id='word_1_226' title='bbox 313 3072 469 3162; x_wconf 72' lang='grc' dir='ltr'><strong><em>ἄρξομαι,</em></strong></span> <span class='ocrx_word' id='word_1_227' title='bbox 491 3070 556 3142; x_wconf 85' lang='grc' dir='ltr'><strong><em>άπὸ</em></strong></span> <span class='ocrx_word' id='word_1_228' title='bbox 567 3081 636 3143; x_wconf 75' lang='grc' dir='ltr'><strong><em>τοῖν</em></strong></span> <span class='ocrx_word' id='word_1_229' title='bbox 646 3076 790 3162; x_wconf 75' lang='grc' dir='ltr'><strong><em>περὶτῆς</em></strong></span> <span class='ocrx_word' id='word_1_230' title='bbox 806 3073 939 3162; x_wconf 65' lang='grc' dir='ltr'><strong><em>εῲύνης</em></strong></span> <span class='ocrx_word' id='word_1_231' title='bbox 951 3073 1063 3159; x_wconf 87' lang='grc' dir='ltr'><strong><em>λύγων</em></strong></span> <span class='ocrx_word' id='word_1_232' title='bbox 1073 3074 1131 3140; x_wconf 83' lang='grc' dir='ltr'><strong><em>καλ</em></strong></span> 
     </span>
     <span class='ocr_line' id='line_1_30' title="bbox 175 3168 1130 3261; baseline 0.004 -20"><span class='ocrx_word' id='word_1_233' title='bbox 175 3179 236 3260; x_wconf 82' lang='grc' dir='ltr'><strong><em>της</em></strong></span> <span class='ocrx_word' id='word_1_234' title='bbox 259 3173 413 3257; x_wconf 85' lang='grc' dir='ltr'><strong><em>αίρέσεως</em></strong></span> <span class='ocrx_word' id='word_1_235' title='bbox 433 3180 491 3259; x_wconf 81' lang='grc' dir='ltr'><strong><em>τῆς</em></strong></span> <span class='ocrx_word' id='word_1_236' title='bbox 511 3180 700 3261; x_wconf 88' lang='grc' dir='ltr'><strong><em>πρεσβείας·</em></strong></span> <span class='ocrx_word' id='word_1_237' title='bbox 723 3172 811 3243; x_wconf 79' lang='grc' dir='ltr'><strong><em>οὕτω</em></strong></span> <span class='ocrx_word' id='word_1_238' title='bbox 833 3172 898 3261; x_wconf 84' lang='grc' dir='ltr'><strong><em>γάρ</em></strong></span> <span class='ocrx_word' id='word_1_239' title='bbox 920 3168 964 3242; x_wconf 82' lang='grc' dir='ltr'><strong><em>άν</em></strong></span> <span class='ocrx_word' id='word_1_240' title='bbox 986 3173 1130 3259; x_wconf 89' lang='grc' dir='ltr'><strong><em>μάλιστα</em></strong></span> 
     </span>
     <span class='ocr_line' id='line_1_31' title="bbox 176 3269 1131 3361; baseline -0.002 -19"><span class='ocrx_word' id='word_1_241' title='bbox 176 3274 231 3342; x_wconf 79' lang='grc' dir='ltr'><strong><em>καί</em></strong></span> <span class='ocrx_word' id='word_1_242' title='bbox 241 3271 449 3361; x_wconf 83' lang='grc' dir='ltr'><strong><em>μεμνήσομαι</em></strong></span> <span class='ocrx_word' id='word_1_243' title='bbox 466 3273 521 3342; x_wconf 81' lang='grc' dir='ltr'><strong><em>καί</em></strong></span> <span class='ocrx_word' id='word_1_244' title='bbox 540 3277 644 3342; x_wconf 81' lang='grc' dir='ltr'><strong><em>είπείν</em></strong></span> <span class='ocrx_word' id='word_1_245' title='bbox 659 3273 860 3360; x_wconf 83' lang='grc' dir='ltr'><strong><em>δυνήσομαι,</em></strong></span> <span class='ocrx_word' id='word_1_246' title='bbox 879 3273 936 3342; x_wconf 85' lang='grc' dir='ltr'><strong><em>καλ</em></strong></span> <span class='ocrx_word' id='word_1_247' title='bbox 952 3269 1047 3359; x_wconf 79' lang='grc' dir='ltr'><strong><em>ὑμεῖς</em></strong></span> <span class='ocrx_word' id='word_1_248' title='bbox 1063 3298 1131 3358; x_wconf 89' lang='grc' dir='ltr'><strong><em>μα-</em></strong></span> 
     </span>
     <span class='ocr_line' id='line_1_32' title="bbox 174 3372 336 3457; baseline -0.019 -17"><span class='ocrx_word' id='word_1_249' title='bbox 174 3372 336 3457; x_wconf 67' lang='grc' dir='ltr'><strong><em>θήσεσθε.</em></strong></span> 
     </span>
     <span class='ocr_line' id='line_1_33' title="bbox 218 3467 1181 3559; baseline -0.001 -20"><span class='ocrx_word' id='word_1_250' title='bbox 218 3501 230 3538; x_wconf 92' lang='grc'><strong><em>·.</em></strong></span> <span class='ocrx_word' id='word_1_251' title='bbox 252 3467 418 3533; x_wconf 61' lang='lat' dir='ltr'><strong><em>“mm</em></strong></span> <span class='ocrx_word' id='word_1_252' title='bbox 435 3469 500 3555; x_wconf 81' lang='grc' dir='ltr'><strong><em>γάρ</em></strong></span> <span class='ocrx_word' id='word_1_253' title='bbox 518 3467 656 3558; x_wconf 85' lang='grc' dir='ltr'><strong><em>άνύμιῖς</em></strong></span> <span class='ocrx_word' id='word_1_254' title='bbox 685 3469 777 3556; x_wconf 78' lang='grc' dir='ltr'><strong><em>οἶμαι</em></strong></span> <span class='ocrx_word' id='word_1_255' title='bbox 787 3471 887 3559; x_wconf 67' lang='grc' dir='ltr'><strong><em>τοῦτο’</em></strong></span> <span class='ocrx_word' id='word_1_256' title='bbox 896 3496 935 3557; x_wconf 85' lang='grc' dir='ltr'><strong><em>γε</em></strong></span> <span class='ocrx_word' id='word_1_257' title='bbox 947 3468 1030 3542; x_wconf 83' lang='grc' dir='ltr'><strong><em>αύτδ</em></strong></span> <span class='ocrx_word' id='word_1_258' title='bbox 1040 3493 1131 3558; x_wconf 80' lang='grc' dir='ltr'><strong><em>μνη-</em></strong></span> <span class='ocrx_word' id='word_1_259' title='bbox 1146 3483 1181 3538; x_wconf 76' lang='lat'><strong><em>12</em></strong></span> 
     </span>
    </p>
   </div>
   <div class='ocr_carea' id='block_1_5' title="bbox 0 0 1251 3946">
    <p class='ocr_par' dir='ltr' id='par_1_5' title="bbox 0 0 1251 3946">
     <span class='ocr_line' id='line_1_34' title="bbox 0 0 1251 3946; baseline 0 0"><span class='ocrx_word' id='word_1_260' title='bbox 0 0 1251 3946; x_wconf 95' lang='lat' dir='ltr'><strong><em> </em></strong></span> 
     </span>
    </p>
   </div>
  </div>
 </body>
</html>
