2442 3948
204 278 263 340 100
606 273 733 326 ιυιιου
1057 269 1145 320 οτι.

201 455 272 539 γών
290 439 507 539 ἐνίκησεν,
480 477 527 520 ων
544 465 687 538 μνημεῖα
708 477 766 536 της
784 451 913 517 ἐκείνου
934 452 1116 533 φιλοτιμίας
1131 471 1146 511 ο

201 559 338 642 τρίπους
366 554 489 631 ἐκεῖνος
516 553 638 639 ἕστηκε.
683 555 741 619 καί
739 578 788 619 τοι
814 556 850 617 τί
869 544 930 637 χρὴ
946 544 1006 617 τόν
1022 549 1146 635 μέτριον

202 659 354 741 πολίτην;
377 649 438 741 οὐχ
460 679 501 721 ον
492 640 620 739 μδν“
600 678 704 740 ειεροι
724 647 765 720 τά
781 678 825 739 μη
844 643 1042 738 προσήκοντ’
1069 642 1146 733 ἐβιό-

201 763 293 838 ζοντο
315 752 512 843 λαμβάνειν,
536 750 663 822 τούτων
686 752 791 839 μηδὲν
814 764 938 836 ποιεῖν,
962 745 1001 817 τά
1027 743 1095 818 δ’Ρ
1080 775 1146 815 εαυ

200 857 262 924 τοῦ
282 855 459 944 πειρᾶσθαι
481 849 612 938 σώζειν;
636 841 731 922 οὔδ’
755 846 887 939 ἡπόλις
911 853 1016 918 δεῖται
1034 844 1147 938 χρημά-

200 982 303 1078 τών,
303 958 339 1024 ἐν
356 952 495 1043 πρώτοις
513 954 680 1082 εἰσφέρειν
696 953 752 1020 καὶ
768 951 887 1071 μηδὲν
883 945 1147 1071 ἀποκρύπτεσθαι

150 1076 181 1126 41
200 1059 267 1125 τών
284 1053 406 1139 όντυν;
426 1057 547 1134 ἐκεῖνος
565 1061 680 1122 τοίνυν
696 1053 842 1132 τοιοῦτος
863 1040 921 1140 ἦν·
939 1045 1021 1119 ἀνθ’
1042 1038 1089 1118 ών
1107 1053 1147 1116 δι-

201 1149 347 1235 xatas*
327 1184 369 1224 αν
395 1151 486 1247 αὐτῷ
515 1151 653 1270 ταύτην.
663 1150 724 1240 τὴν
749 1151 846 1270 χάριν
867 1147 1063 1240 ἀποδοίητε,
1094 1146 1147 1272 την

202 1259 271 1325 ἐκεί
256 1263 330 1326 ίυου
351 1254 487 1344 γνώμην
509 1255 584 1343 περὶ
605 1257 673 1322 τών
696 1247 800 1323 αὖτου
821 1252 990 1341 κυρίαν
959 1279 1046 1322 ειναι
1064 1278 1147 1337 ποιη-

150 1359 156 1390 ²
201 1376 326 1436 σαντες.
362 1358 417 1424 καλ
434 1353 499 1443 μὴν
510 1356 565 1424 καὶ
585 1357 642 1442 ἐμέ
656 1381 712 1443 γε,
730 1350 792 1423 ὅσα
809 1350 890 1422 κατά
906 1350 967 1440 τὴν
986 1351 1069 1442 ἐμὴν
1086 1348 1146 1440 ἡλι-

201 1462 293 1546 κίαν,
318 1451 473 1545 εὑρήσετε
496 1451 536 1523 οὐ
554 1452 656 1523 κακόν
679 1449 759 1523 οόδδ
776 1452 946 1543 ἄχρηστον.
983 1451 1146 1546 ἐστράτεν·

199 1585 257 1644 μαι
273 1554 331 1636 τάς
348 1562 517 1644 στρατείας
528 1559 570 1643 τῇ
586 1552 696 1642 πόλει,
714 1551 754 1623 τά
771 1553 1037 1643 προσταττόμενα
1054 1555 1145 1624 ποιοῖ·

149 1674 182 1724 42
199 1659 295 1725 τοῦτο
318 1653 380 1744 γάρ
403 1659 472 1724 τών
486 1652 689 1742 τηλικούτων
713 1661 809 1745 ἔργον
828 1658 904 1724 ἐστί.
940 1657 995 1724 καὶ
1016 1659 1146 1725 ἐκείνων

200 1745 261 1825 οόυ
280 1758 376 1825 ἕνεκα
386 1758 441 1824 καὶ
459 1749 552 1843 ἡμῶν
571 1753 702 1836 είκότώς
713 1750 755 1825 ἀν
772 1753 969 1843 ποιήσαισθε
979 1755 1144 1844 πρόνοιαν,
1202 1769 1203 1778 ’

200 1853 306 1936 ἄλλως
327 1883 364 1925 τε
386 1858 441 1925 καί
465 1853 592 1926 τούτων
614 1859 873 1947 τριηραρχοῦντα
890 1855 982 1925 οἶκον
998 1852 1144 1926 πεντετά-

199 1952 361 2026 λαντου’
341 1953 555 2046 ονηρηκότων
578 1959 633 2025 καὶ
651 1954 866 2046 πεπρακότων
882 1958 938 2025 καὶ
957 1963 1080 2046 ἔρημον
1096 1981 1144 2025 πε·

198 2055 397 2145 ποιηκότιον,
424 2053 519 2146 ημών
545 2058 581 2126 δὲ
607 2059 662 2125 καὶ
680 2055 996 2177 λελειτουργηκότωρ
1013 2053 1079 2145 ἥδη
1096 2055 1202 2125 καὶ

197 2151 558 2247 λειτουργησόντων,”“
538 2185 580 2226 αν
596 2152 692 2244 υμείς
712 2153 992 2247 ἐπικυρώσητε
956 2186 1017 2244 την
1038 2154 1144 2228 Ἀπολ-

197 2255 347 2347 λοδώρου
365 2255 500 2345 γνώμην
517 2251 734 2336 ἀποδόντες’
715 2273 795 2345 ημῖν
807 2261 924 2327 τοῦτον
941 2254 999 2327 τόν
1016 2263 1141 2379 κληρον.

147 2378 180 2430 43
263 2353 335 2480 Ἵνρι
359 2353 453 2427 δὲ
411 2385 456 2446 μη
480 2359 570 2425 δοκοί
587 2361 769 2445 διατρίβειν
786 2361 860 2447 περὶ
877 2362 981 2428 ταῦτα
978 2357 1144 2481 ποιοίμε·
1200 2417 1201 2430 ,

197 2485 254 2536 νος
270 2455 347 2538 τοός
373 2456 504 2544 λόγους,
532 2453 692 2545 βούλομαι
719 2453 773 2524 διά
777 2451 987 2583 βραχίων
967 2462 1054 2548 υμᾶς
1071 2454 1143 2528 όπο·

198 2555 325 2645 μνησας
347 2554 434 2627 οὕτω
461 2563 747 2646 καταβαίνειν,τί
714 2556 920 2686 τὲκάτερος
943 2553 1036 2676 ημών
1054 2555 1141 2642 ἀξιοῖ,

199 2658 357 2745 δηλώσας.
394 2655 515 2745 ἐγώδ
475 2687 498 2746 μ
515 2687 536 2727 ν
552 2654 699 2747 ἀδελφῆς
715 2654 816 2746 οὔσης
833 2687 890 2746 της
903 2663 979 2748 ἐμῆς
1002 2660 1006 2746 Q
1029 2654 1143 2782 μητρός

196 2753 445 2850 Ἀπολλοδώρῳ,
483 2766 594 2846 φιλίας
632 2754 744 2839 αὐτοῖς
774 2763 894 2846 πολλῆς
925 2755 1141 2849 δπαρχουσης,

200 2862 320 2946 ἔχθρας
345 2854 377 2924 δ’
401 2854 558 2946 οὐδεμιᾶς
581 2857 712 2927 πώποτε
728 2861 923 2948 γενομένης,
948 2854 1141 2947 ἀδελφιδοῦς

199 2949 247 3024 ών
264 2958 319 3024 καὶ
330 2959 483 3043 ποιηθεὶς
496 2955 567 3036 υίὸς
584 2953 643 3025 ὑπ’
664 2961 791 3028 ἐκείνου
803 2962 920 3047 ζῶντος
938 2962 993 3029 καὶ
1011 2950 1052 3028 εὖ
1068 2985 1140 3048 φρο

197 3058 350 3144 νοῦντος,
369 3059 423 3125 καὶ
443 3064 489 3136 είς
506 3053 582 3136 τοὺς
600 3056 759 3146 γεννήτας
777 3063 832 3130 καὶ
849 3059 1014 3150 φράτοροις
1033 3064 1140 3150 ἐγγρα·
1198 3107 1199 3118 ι

199 3163 289 3244 φείς,
309 3155 448 3245 ἔχειν
412 3186 451 3226 τοι
470 3158 628 3246 δοθέντα,
648 3160 703 3228 καὶ
719 3188 763 3248 μη
753 3156 867 3232 είυαι
886 3164 939 3230 ἐπὶ
955 3159 1081 3242 τούτοις
1099 3161 1140 3240 ἐξ·
1198 3155 1199 3181 ’

199 3278 363 3347 ερημυσαι
386 3255 443 3329 τόν
466 3256 613 3327 οἶκον
580 3287 638 3328 τον
661 3262 804 3330 ἐκείνου·
851 3260 1128 3380 Προυάπηςτ
1056 3263 1092 3330 δὲ
1112 3261 1143 3326 τί

146 3375 180 3423 44
195 3351 260 3426 όπδ
262 3387 280 3447 ρ
297 3386 354 3446 της
365 3355 644 3449 αμφισβητονσης
663 3366 749 3448 ἔχειν
765 3362 826 3450 μὲν
842 3390 902 3432 τον
918 3381 975 3485 της
992 3355 1139 3450 γυναικός
1197 3431 1198 3442 ,

196 3452 345 3545 ἀδελφου
368 3489 465 3550 τιμην
490 3463 550 3530 τοῦ
574 3455 731 3550 ημικληρί
729 3490 769 3531 ου
802 3459 902 3534 πένθ’
935 3459 1137 3553 ημιτάλυντα,

197 3564 313 3645 λαβεῖν
340 3560 377 3627 δὲ
402 3563 456 3629 καὶ
481 3559 579 3631 τόνδε
604 3559 662 3630 τόν
687 3565 809 3648 κληρον
832 3565 952 3652 ἑτέρων
969 3580 1039 3644 ταῖς
1056 3559 1138 3650 ἀγχί-
