2474 3946
184 251 245 316 114
532 250 717 309 ΑΙΣΧΙΝ
723 249 787 308 01²

113 431 166 487 ³37
182 421 316 484 πολλῶν
327 412 471 496 ἀγαθάν
481 411 699 496 στερηθέντες
716 407 850 493 εἰρήνης
867 406 1075 493 ἐδεήθημεν,
1098 410 1158 477 καὶ

184 510 413 598 ἐποιησάμεθα
424 505 479 577 διά
489 513 614 578 Νικίου
624 514 686 574 τού
696 505 900 592 Νικηράτου.
933 507 991 574 καί
1002 503 1107 573 πάλιν
1117 509 1159 574 ἐν

183 618 230 698 τςδ
249 608 360 726 χρόνφ
377 607 486 696 τούτφ
509 607 732 690 ἑπτακισχίλια
749 601 938 672 τάλαντα’
917 606 1158 689 ανηνέγκαμεν

183 677 230 785 εἰς
247 703 309 792 τήν
327 702 512 790 ἀκρόπολιν
529 700 583 770 διὰ
603 701 667 787 τήν
683 699 821 786 εἰρήνην
841 700 985 785 ταύτην,
1008 698 1157 810 τριήρεις

185 801 217 872 δ’
237 802 447 890 ἐκτησάμεθα
459 804 631 884 πλωίμους
642 800 698 866 καί
714 801 853 878 ἐντελεῖς
870 795 933 866 ούκ
954 784 1157 875 ἐλαττους
1133 823 1156 882 η

184 908 383 989 τριακοσίοις,
397 895 577 986 φόροςδΗ
557 911 638 984 ημῖν
648 923 711 966 κατ
709 893 886 966 ἐνιαυτον
896 919 1039 985 προσηει
1050 899 1156 964 πλεον

183 995 207 1086 ἢ
218 1007 305 1084 χίλια
315 1000 371 1066 καὶ
382 997 535 1066 διακόσια
544 994 700 1082 τάλαντα,
712 997 768 1063 καί
777 993 996 1082 Χερρόνησον
1006 996 1067 1064 καί
1077 994 1154 1062 Νά-

184 1099 243 1176 ξον
253 1091 542 1182 καίτήνΕύβοιαν
558 1101 705 1180 εἰχομεν,
728 1099 881 1171 πλείστας
898 1091 931 1160 δ’
944 1089 1102 1171 ἀποικίας
1118 1095 1153 1159 ἐν

184 1206 252 1272 τοῖς
262 1191 394 1280 χρόνοις
412 1193 541 1271 τούτοις
558 1188 803 1276 ἀπεστείλαμεν.
837 1191 894 1258 καὶ
909 1186 1042 1260 τοσαῦτ’
1058 1196 1154 1276 έχον-
1166 1213 1206 1270 ης

184 1317 238 1371 τες
249 1287 362 1377 ἀγαθά
375 1289 523 1377 πόλεμον
536 1286 574 1356 δι’
591 1287 758 1375 Ἀργείους
770 1285 853 1374 πρός
862 1292 1150 1375 Λακεδαιμονιους

185 1392 421 1476 ἐξηνέγκαμεν,
433 1390 626 1466 πεισθέντες
637 1384 695 1454 ὑπ’
707 1386 879 1474 Ἀργείων,
897 1390 953 1456 καλ
964 1395 1147 1456 τελευτῶν-

187 1513 236 1568 τες
246 1492 283 1558 ἐκ
295 1496 352 1576 τῆς
362 1496 431 1555 τω”υ
442 1487 595 1574 ρητόρων
606 1483 784 1573 ἁψιμαχίας
795 1491 840 1566 εἰς
852 1485 1076 1573 φρουράντῆς
1085 1486 1147 1556 πό-

183 1593 266 1665 λεως
282 1587 337 1652 καί
349 1581 429 1664 τούς
439 1592 671 1669 τετρακοσίους
680 1587 737 1653 καί
753 1583 831 1665 τούς
848 1582 977 1672 ἀσεβεῖς
989 1586 1146 1670 τριάκον-

114 1703 166 1761 3³8
183 1710 223 1752 τα
234 1687 443 1770 ἐνεπέσομεν,
456 1681 519 1752 ούκ
530 1685 668 1771 εἰρήνην
678 1685 906 1770 ποιησάμενοι,
914 1680 985 1752 ἀλλ’
992 1689 1027 1754 ἐκ
1038 1705 1144 1770 προσ-

183 1781 359 1870 ταγμάτων
375 1780 631 1870 ήναγκασμένοι.
670 1782 772 1850 πάλιν
795 1781 831 1850 δέ
841 1782 1029 1869 σωφρόνως
1049 1791 1145 1851 πολι-

183 1885 373 1967 τευθέντες,
400 1885 538 1950 καὶτοῦ
560 1882 668 1969 δήμου
688 1880 911 1960 κατελθόντος
933 1877 997 1948 ἀπὸ
1020 1887 1142 1968 Φυλῆς,

179 1969 331 2068 Ἀρχίνον
341 1982 396 2049 καί
408 1981 651 2068 Θρασυβούλου
661 1980 879 2066 προστάντων
895 1986 956 2046 τοῦ
968 1979 1078 2067 δήμου
1088 1982 1143 2048 καί
1228 2001 1229 2054 ι

183 2075 220 2143 τό
232 2076 277 2162 μή
290 2092 506 2164 μνησικακεῖν
516 2077 600 2163 πρὸς
616 2076 780 2164 ἀλλήλους
798 2084 939 2164 ἔνορκον
949 2075 1031 2164 ἡμῖν
1042 2105 1142 2147 κατα·
1160 2151 1162 2158 ⁴
1228 2071 1229 2088 ¹

183 2174 392 2260 στησάντων,
415 2172 500 2242 ὅθεν
518 2175 716 2261 σοφωτάτην
732 2175 852 2254 πάντες
867 2174 928 2261 τήν
945 2175 1046 2244 πόλιν
1061 2175 1141 2264 ἡγή-

183 2291 283 2339 σαντο
297 2268 397 2356 εἰναι,
419 2267 597 2339 κάνταῦθα
609 2270 803 2359 ἀναφύντος
818 2280 879 2340 τοῦ
891 2274 1000 2359 δήμου
1011 2276 1067 2344 καί
1078 2274 1140 2341 πά-
1157 2292 1198 2350 177

114 2387 169 2444 339
182 2379 237 2439 λιν
247 2371 280 2449 ἐξ
291 2366 393 2456 ἀρχῆς
411 2366 606 2455 ἰσχύσαντος
624 2367 802 2455 ἅνθρωποι
817 2373 1067 2458 παρέγγραπτοι
1084 2399 1140 2457 γε·

7 2467 8 2494 ³
182 2471 358 2557 γενημένοι
369 2477 509 2556 πολῖται,
517 2470 571 2537 καὶ
582 2469 619 2537 τό
631 2478 758 2539 νοσοῦν
768 2478 826 2560 τῆς
838 2471 964 2551 πόλεως
972 2470 1025 2542 ἀεὶ
1034 2496 1141 2560 προσ-

7 2649 8 2656 χ
136 2599 139 2604 ·
182 2569 341 2654 αγόμενοι
361 2569 417 2637 καὶ
434 2567 581 2654 πόλεμον
591 2571 628 2636 ἐκ
650 2571 798 2654 πολέμου
816 2568 1077 2657 πολιτευόμενοι,
1098 2575 1139 2638 ἐν
1227 2559 1228 2589 ’

181 2664 243 2750 μὲν
255 2666 371 2755 εἰρήνη
381 2664 421 2734 τά
433 2664 527 2734 δεινά
536 2673 584 2753 τῷ
594 2666 683 2756 λόγῳ
693 2667 926 2754 προοριόμενοι
935 2671 991 2737 καὶ
1003 2666 1061 2748 τάς
1070 2681 1137 2750 ψυ-

179 2759 308 2848 χάςτάς
319 2771 511 2850 φιλοτίμους
526 2765 582 2832 καί
598 2772 675 2834 λίαν
685 2761 791 2844 ὀξείας
807 2768 1027 2852 ἐρεθίζοντες,
1049 2770 1086 2836 ἐν
1101 2770 1137 2840 δέ

178 2873 246 2937 τοῖς
261 2863 415 2945 πολέμοις
436 2862 550 2930 ὅπλων
566 2862 627 2950 οὐχ
645 2861 839 2952 ἁπτόμενοι,
862 2867 1027 2946 ἐξετασταὶ
1038 2868 1074 2936 δὲ
1084 2870 1136 2936 καί

180 2957 372 3050 ἀποστολεῖς
392 2959 600 3048 γιγνόμενοι,
623 2963 917 3050 παιδοποιούμενοι
938 2965 975 3032 δὲ
995 2968 1028 3044 ἐξ
1050 2967 1135 3034 ἑται-

180 3066 261 3142 ροῖν,
274 3055 383 3144 άτιμοι
393 3054 425 3125 δ’
438 3061 474 3127 ἐκ
485 3068 747 3148 σνκοφαντίας,ε
747 3059 866 3143 ἰςτούς
875 3060 1033 3181 ἐσχάτους
1042 3061 1134 3152 ἡμῶν

178 3153 402 3235 κινδυνονς
367 3183 428 3243 την
439 3157 536 3226 πόλιν
547 3167 742 3247 καθιστᾶσι,
765 3186 802 3229 το
792 3159 883 3246 μὲν
898 3167 956 3247 τῆς
967 3164 1134 3247 δημοκρα-

177 3250 277 3333 ἰας
258 3278 363 3341 ονομα
375 3252 417 3322 ον
427 3268 494 3334 τοῖς
504 3253 641 3342 ηθεσιν
653 3255 737 3327 αλλα
748 3286 788 3346 τη
773 3264 954 3380 κολακείμ
965 3257 1133 3345 θεραπεύ·

178 3378 287 3440 οντες,
309 3355 529 3434 καταλύοντες
548 3354 639 3423 δέ
602 3381 665 3442 την
681 3346 877 3442 εἰρήνην,
854 3383 876 3446 η
893 3384 914 3444 η
902 3353 1132 3444 ’δημοκρατία

109 3469 162 3528 τις
179 3449 330 3536 σύζεται,
355 3452 656 3542 συναγωνιζομενοι
673 3457 709 3524 δ
723 3468 791 3534 τοῖς
807 3460 978 3543 πολέμοις,
1000 3447 1081 3536 ἐξ’
1054 3451 1130 3524 ωνὸ
1224 3447 1225 3482 ⁷
