2510 3948
358 313 480 370 ΚΑΤΑ
501 310 877 369 ΚΤΗΣΙΦΩΝΤΟΣ.
1029 309 1088 373 157

81 504 83 508 ·
141 475 293 554 φανεροῦ
310 468 372 554 τὴν
389 469 489 536 πόλιν
504 466 683 551 ἅνθρωπος
705 466 767 535 ούκ
796 469 935 538 ἐδύνατο
952 476 1088 555 σφῆλαι,

141 567 306 634 είσελδῶν
329 573 373 645 είς
396 565 433 635 τό
460 567 701 653 βουλευτήριον
727 569 783 634 καὶ
804 569 1089 656 μεταστησάμενος

126 661 219 742 ’τούς
239 665 370 742 ἰδιώτας
386 666 557 750 ἐκφέρεται
579 665 814 751 προβούλευμα
830 670 876 744 είς
892 666 954 752 τὴν
970 669 1089 752 ἐκκλη-

1 821 2 824 ,
57 786 121 841 125
140 769 234 845 σίαν,
259 760 458 848 προσλαβῶν
474 760 537 848 τὴν
559 769 620 828 τοῦ
641 761 831 846 γράψαντος
851 759 1017 844 ἀπειρίαν·
1049 765 1086 830 τό

140 859 173 927 δ’
186 857 266 927 αὐτό
277 867 375 928 τοῦτο
388 863 442 927 καί
454 863 489 926 ἐν
505 866 545 947 τῇ
556 862 710 944 ἐκκλησία
722 861 918 944 διεπράξατο
928 863 1088 946 ἐκιψηφι-
1102 875 1152 929 517

140 967 265 1044 σθῆναι
283 961 338 1028 καὶ
354 962 512 1042 γενέσθαι
529 956 636 1043 δήμου
652 958 807 1044 ψήφισμα
826 957 890 1046 ἤδη
901 959 1088 1028 ἐπαναστῶ-

140 1077 200 1144 σης
210 1065 266 1142 τῆς
276 1059 464 1142 ἐκκλησίας,
477 1054 725 1141 ἀπεληλυθότος
735 1059 833 1142 ἐμοῦ,
845 1055 887 1124 ού
896 1055 961 1142 γὰρ
971 1053 1014 1123 όλν
1025 1080 1087 1123 κο-

138 1183 175 1224 τε
188 1157 357 1240 ἐπέτρεψα,
370 1157 504 1223 καὶτῶν
514 1163 648 1223 πολλῶν
658 1154 693 1222 δέ
705 1153 909 1241 ἀφειμένων·
928 1147 972 1222 ού
981 1153 1019 1224 τό
1030 1181 1087 1224 κε-

140 1254 284 1340 φάλαιόν
295 1256 363 1321 ἐστι
374 1255 462 1339 ,,τόν
473 1254 720 1341 ίερομνήμονα“
732 1255 814 1340 φησί
826 1303 846 1336 ,,
854 1261 923 1320 τῶν
930 1250 1086 1338 Ἀθηναί-

140 1379 190 1420 ων
201 1355 255 1420 καὶ
266 1351 344 1431 τοῦς
353 1353 564 1438 πυλαγόρους
580 1351 659 1430 τούς
676 1350 727 1420 dez
738 1358 1012 1438 πυλαγοροῦντας
1024 1373 1086 1418 πο·

142 1452 301 1534 ρεύεσδαι
313 1446 484 1531 εἰς’Πύλας
500 1457 554 1520 καὶ
572 1459 618 1530 είς
628 1448 786 1536 Δελφούς
803 1455 840 1522 έν
851 1464 920 1530 τοῖς
931 1453 1087 1536 τεταγμέ-

140 1575 210 1627 νοις
226 1550 357 1635 χρόνοις
373 1546 439 1615 ὑπό
456 1557 524 1616 τῶν
547 1549 765 1635 προγόνων,“
790 1547 963 1633 εὐπρεπῶς
983 1575 1021 1634 γε
1040 1555 1086 1636 τῷ

139 1645 292 1734 ὀνόματι,
318 1645 457 1735 ύλλδιτηῦ
472 1650 556 1734 ἔργῳ
574 1651 728 1731 αἰσχρῶς·
760 1647 883 1715 κωλύει
893 1644 958 1734 γὰρ
971 1653 1017 1726 είς
1026 1646 1087 1715 τόν

137 1755 306 1829 συλλογον
316 1743 376 1811 τόν
387 1747 424 1810 ἐν
433 1744 563 1822 Πύλαις
572 1741 739 1827 ἀπαντῶν,
762 1744 799 1823 δς
811 1749 843 1826 ἐξ
861 1745 1009 1833 ἀνύγκης
1020 1745 1084 1832 πρό

63 1876 115 1931 127
136 1851 200 1909 τοῦ
211 1840 420 1927 καθήκοντος
430 1847 543 1927 ἔμελλε
553 1840 678 1926 χρόνον
692 1850 876 1928 γίγνεσθαι.
910 1847 965 1916 κού
984 1844 1086 1910 πόλιν

139 1944 176 2006 ἐν
194 1947 242 2026 τῷ
258 1938 349 2027 αὐτῷ
366 1945 551 2026 ψηφίσματι
568 1938 655 2008 πολύ
671 1944 725 2007 καί
740 1944 944 2024 σαφέστερον
960 1943 1016 2008 καὶ
1032 1963 1085 2006 πι-

138 2037 301 2120 κρότερον
313 2039 509 2125 σύγγραμμα
518 2039 641 2125 γράφει
652 2037 734 2124 ,,τδν
742 2036 990 2125 ἱερομνήμοναις
1002 2039 1087 2124 φησί

139 2143 229 2222 ,τῶν
238 2133 1087 2224 Ἀθηναίσνκαίτούςπυλαγόρονςτούςύεδκνλαγο-

139 2232 331 2320 ροῦνταςμὴ
338 2249 557 2320 μετεχειντοίς
565 2235 1093 2322 ἐκεῑσυλλεγομένοιςμήτελόγαν
1104 2257 1154 2310 518

138 2331 217 2418 μήτε
229 2337 334 2416 ἐργαν
347 2333 427 2419 μήτε
440 2334 615 2420 δογμάτων
627 2334 709 2420 μήτε
719 2332 869 2418 πράξεως
888 2337 1085 2418 μηδεμιᾶς.“

137 2428 174 2495 τό
185 2428 220 2496 δὲ
227 2425 270 2515 μὴ
278 2432 423 2515 μετέχειν
429 2436 462 2496 τί
465 2435 548 2510 ἐστις
561 2429 919 2516 πότερατιίληθὲςείπω
928 2427 950 2512 ἢ
960 2427 997 2496 τὸ
1009 2428 1086 2514 ἥδι-

138 2545 218 2593 στον
229 2525 386 2604 ἄκοῦσαι;
397 2525 435 2592 τό
448 2525 570 2613 ἀληθὲς
580 2531 660 2612 ἐρῶ·
676 2527 714 2595 τό
726 2527 791 2608 γὰρ
802 2523 853 2591 ἀεὶ
864 2523 948 2608 πρὸς
958 2522 1086 2614 ἡδονὴν
1134 2512 1139 2532 ’

137 2625 320 2710 λεγόμενον
332 2622 455 2692 ούτοτσὶ
465 2622 637 2709 τὴνπόλιν
650 2627 864 2689 διατέθεικεν.
897 2621 959 2688 ούκ
976 2626 1014 2711 ἐᾷ
1026 2649 1086 2708 με-

120 2732 287 2816 μνῆσθαι
306 2730 375 2790 τῶν
391 2721 520 2806 ὅρκιον,
543 2717 602 2798 οῦς
618 2716 715 2806 ἡμῶν
725 2723 759 2786 οί
767 2719 928 2803 πρόγονοι
940 2719 1085 2806 ῶμοσαν,

137 2817 217 2888 οὐδὲ
228 2825 285 2905 τῆς
297 2818 380 2905 νἰροῖς
391 2816 471 2886 ούδέ
482 2825 541 2904 τῆς
552 2823 613 2884 τοῦ
624 2823 710 2883 θεοῦ
720 2823 883 2902 μαντείας.

70 2956 121 3011 123
217 2915 326 3004 Ἡμεῖς
341 2919 404 3004 μέν
423 2910 502 3004 ούυ,
525 2911 752 3003 ῶἏθηναϊοι,
775 2924 1012 3004 κατεμείναμεν
1030 2915 1085 2983 διὰ

136 3024 236 3084 τοῦτο
246 3015 284 3084 τό
296 3016 466 3103 ψήφισμα,
493 3018 528 3082 ολ
543 3013 575 3082 δ’
588 3014 683 3083 ἄλλοι
696 3013 936 3101 Ἀμφικτύονες
947 3017 1085 3084 συνελέ-

136 3136 246 3202 γησαν
263 3120 309 3193 είς
323 3115 439 3193 Πύλας
455 3113 543 3202 πλὴν
561 3123 637 3200 μιᾶς
654 3116 801 3200 πόλεως,
824 3107 864 3199 ἦς
880 3111 945 3200 ἐγῶ
961 3113 1029 3184 οὔτ’
1041 3111 1085 3183 δν

136 3213 286 3298 τούνομα
303 3221 441 3298 εἴποιμι,
463 3211 542 3299 μηδ’
555 3219 591 3281 αἱ
606 3217 775 3300 συμφοραὶ
792 3213 1014 3298 παραπλήσιοι
1029 3219 1086 3297 γε’-

137 3337 251 3381 νοιντο
262 3309 491 3396 αύτῆςμηδενλ
502 3318 571 3379 τῶν
583 3309 760 3398 Ἑλλήνων.
793 3313 849 3379 καί
860 3311 1084 3389 συνελθόντες
1100 3343 1124 3394 5·

138 3414 343 3498 ἐψηφίσαντο
365 3411 610 3494 ἐπιστρατεύειν
633 3413 686 3478 ἐπὶ
706 3406 784 3486 τούς
798 3406 1009 3496 Ἀμφισσέας,
1030 3412 1086 3478 καὶ

138 3509 324 3597 στρατηγόν
336 3513 463 3578 εἴλοντο
475 3508 654 3594 Κόττυφον
665 3507 724 3576 τόν
738 3507 930 3592 Φαρσάλιον
940 3506 1000 3575 τόν
1010 3508 1084 3576 τότε
