2450 3950
48 229 137 320 μω.
267 253 358 302 πονε
374 251 450 303 νον
466 235 608 303 ,ωπον
623 251 787 304 ωπον.
940 259 1002 320 145

45 418 137 492 άπλά
159 419 222 512 γάρ
243 419 283 491 τά
308 427 419 492 δίκαια
441 422 649 496 παντάπασίν
678 428 745 494 ἐστι
775 427 830 494 καὶ
852 423 1004 516 γνάριμα

46 535 187 611 μαθεῖν·
214 517 236 590 ά
254 519 317 610 ἐγω
336 520 391 592 διά
407 526 557 615 βραχίων
583 522 686 594 είποδυ
702 529 758 596 καλ
775 529 1003 616 παρακαταθά·

45 651 144 711 μενος
169 617 252 711 ὗμιν
276 622 511 712 μνημονεύειν,
539 627 591 694 ἐπὶ
617 622 678 712 τὴν
694 623 798 713 άλληυ
822 621 1003 714 άπολογίαν

45 721 112 812 ἤδη
142 727 301 814 τρέψομαι
331 727 398 794 τοῖν
424 729 726 816 κατηγορηθέντων.
774 734 810 795 τί
839 716 902 796 οὖν
935 734 1003 798 ἔστι

44 829 167 912 ταῦτα,
185 826 240 893 καὶ
257 833 293 893 τί
308 830 503 913 διορίζομαι;
522 833 553 894 εί
562 827 624 914 μὲν
640 823 713 895 κατ’
731 823 920 915 ἀγχιστείαν
935 831 1003 898 τοῖν
1020 833 1054 886 33

39 921 177 1014 Ἀγνίου
194 930 343 1014 μετεῖναί
352 947 444 1013 »φησι
460 928 508 1018 τῷ
523 929 617 998 παιδὶ
634 930 696 996 του
711 920 923 1018 ἡμικληρίου,
947 937 1002 996 λα·

41 1029 128 1114 χέτω
152 1023 233 1116 πρὸς
258 1022 317 1096 τὸν
341 1023 498 1116 άρχοντα,
525 1021 588 1096 κάν
604 1020 699 1116 ὑμεῖς
715 1034 926 1116 ψηφίσησθε,
946 1038 1002 1098 λα-

42 1129 147 1214 βέτω·
164 1129 266 1196 ταῦτα
283 1123 346 1216 γάρ
363 1132 398 1195 ολ
411 1125 506 1215 νόμοι
522 1125 725 1197 κελεύουσιν.
757 1134 788 1197 εί
806 1129 842 1198 δὲ
859 1126 904 1217 μὴ
921 1127 1003 1198 κατά

42 1230 144 1297 τοῦτο
168 1223 383 1316 ἀμφισβητεῖ,
410 1230 492 1316 φησὶ
510 1229 548 1296 δὲ
564 1223 767 1316 ὁμολογῆσαί
789 1255 830 1317 με
846 1233 894 1320 τῷ
910 1233 1004 1299 παιδὶ

40 1325 265 1416 μεταδώσειν,
290 1325 474 1416 φάσκοντος
492 1332 573 1418 ἐμοῦ
587 1328 714 1399 τούτων
732 1328 817 1399 εἶναι
833 1329 938 1418 μηδὲν
956 1336 1004 1398 δι·

41 1427 222 1517 κασάσθω,
249 1423 312 1498 κάν
330 1431 476 1519 ἐξελέγξῃ
493 1457 534 1518 με
551 1425 595 1510 άς
613 1425 824 1519 άμολόγησα,
851 1426 918 1501 τότ’
938 1428 1003 1518 ἤδη

40 1527 243 1619 πραξάσθω·
289 1535 416 1598 δίκαιον
441 1527 504 1620 γάρ
530 1526 635 1611 οὕτως
661 1535 759 1601 ἐστίν.
805 1538 836 1601 εί
861 1533 898 1602 δὲ
923 1530 1004 1619 μήτε
1021 1537 1056 1591 ³4

42 1627 126 1720 πρὸς
146 1631 202 1718 ἐμὲ
219 1629 300 1718 μήτε
317 1622 391 1699 κατ’
419 1632 500 1719 ἐμοῦ
517 1636 614 1719 δίκην
632 1631 721 1701 εἶναί
734 1653 816 1721 φησι
832 1636 880 1725 τῷ
896 1638 1002 1721 παιδί,

41 1729 100 1800 τόυ
118 1728 291 1800 κωλύοντα
307 1728 410 1819 νόμον
428 1729 566 1819 εἰπάτω,
584 1725 647 1801 κάν
664 1739 721 1821 ἔχη
740 1736 858 1821 δείξαι,
877 1736 1003 1822 λαβέτω

41 1835 97 1900 καὶ
125 1828 215 1901 οὕτω
241 1828 278 1900 τδ
303 1834 400 1920 μέρος
425 1835 493 1901 των
518 1831 700 1920 χρημάτων.
745 1838 776 1900 εί
801 1830 833 1900 δ’
861 1824 908 1902 αὖ
925 1830 1002 1922 μήτ’

43 1930 306 2002 ἐπιδικάσασθαί
328 1953 409 2020 φησι
437 1938 509 2002 δεῖν
534 1936 596 2001 τοῦ
619 1928 815 2022 ἡμικληρίου
840 1931 921 2022 μήτε
937 1930 1005 2022 μὴν

43 2033 264 2121 δικάσασθαι,
292 2029 364 2102 ἄλλ’
383 2030 448 2120 ἥδη
466 2032 551 2102 εἶναι
576 2037 679 2103 ταυτα
696 2035 757 2104 τοῦ
777 2031 906 2122 παιδός,
924 2029 1003 2103 άπν
1098 2087 1100 2094 .

40 2133 232 2224 γραψάσθω
257 2131 339 2223 πρδς
364 2131 423 2204 τὸυ
440 2131 581 2224 άρχουτα
607 2142 654 2216 εἰς
670 2132 732 2224 τὴν
753 2140 920 2223 μίσθωσιν
936 2137 1004 2204 τωυ

42 2239 175 2306 ἐκείνου
192 2233 383 2325 χρημάτων,
411 2230 454 2322 ἢν
470 2231 488 2307 ὁ
505 2235 757 2326 μισθωσάμενος
781 2235 946 2327 εἰσπράξει
962 2262 1003 2326 με

40 2340 149 2406 ταῦτα
176 2331 220 2416 άς
245 2333 324 2406 ὄντα
348 2339 412 2406 κου’
436 2335 561 2418 παιδός.
612 2341 716 2408 ταῦτα
740 2334 870 2427 μεγάλα
894 2334 1005 2407 δίκαιά
1021 2351 1058 2402 35

42 2441 121 2506 ἐστι.
157 2441 263 2506 ταῦτα
279 2438 388 2506 καλοί
402 2436 496 2525 υόμοι
514 2437 723 2526 κελεύουσιν,
750 2431 791 2508 οὗ
816 2434 862 2524 μά
878 2444 947 2506 Δία
963 2434 1004 2506 οὐ

40 2535 175 2658 γραφάς
195 2539 250 2625 ἐμὲ
267 2536 406 2626 φεύγειν
423 2539 498 2627 περὶ
512 2528 560 2607 οδν
579 2545 672 2617 δίκας
685 2545 772 2618 ίδίας
791 2535 876 2604 εἶναι
892 2561 1004 2606 πεποι-

40 2637 181 2727 ήκασιν,
209 2635 289 2707 οὐδὲ
306 2636 520 2709 κινδυνεύειν
537 2639 612 2727 περὶ
630 2665 690 2707 του
707 2637 870 2726 σώματος,
897 2632 947 2703 ὅτι
964 2633 1004 2704 οὐ

42 2745 297 2833 μεταδίδωμι
266 2768 311 2808 τω
300 2740 424 2808 παιδί
442 2736 586 2825 τούτων,
605 2733 628 2805 ά
643 2736 744 2830 ψήφφ
761 2733 924 2858 κρατήσας
942 2732 1005 2824 ἐγω

41 2837 121 2920 τοδς
149 2840 284 2928 ἔχοντας
309 2836 397 2909 οὕτω
425 2835 506 2929 παρ’
533 2867 629 2928 υμωυ
655 2845 791 2926 ἔλαβον
818 2831 892 2905 ἀλλ’
921 2847 954 2906 εί
974 2865 1007 2906 τι

40 2969 110 3010 των
137 2935 411 3028 ὁμολογουμένων
437 2939 523 3010 εἶναι
547 2943 609 3010 τοῦ
633 2937 750 3021 παιδὸς
768 2937 856 3027 εἶχον
875 2942 930 3009 καὶ
948 2967 1004 3008 κα-

41 3047 110 3120 κως
123 3037 304 3128 διέθηκα”
276 3036 353 3110 ωστ’
369 3044 495 3111 ἐκεῖνον
507 3039 753 3130 κακουσθαι,’
716 3069 788 3112 τοτε
805 3036 847 3107 άυ
857 3068 913 3128 μοι
924 3038 1007 3109 κατά

41 3140 172 3228 ταύτην
193 3162 338 3268 προσηκε
360 3149 533 3232 κρίνεσθαι
555 3170 618 3229 την
641 3141 791 3232 γραφήν,
815 3137 856 3209 οὕ
878 3138 924 3262 μά
946 3136 1005 3210 Δί’

41 3239 107 3311 οὐκ
126 3243 181 3311 ἐπλ
198 3259 267 3322 τοῖς
286 3246 382 3331 ἐμοῖς.
675 3307 678 3314 ,

114 3338 187 3412 Ὅτι
204 3332 325 3431 μὲν
283 3370 346 3412 ουυ
362 3339 441 3412 οὔτε
458 3344 534 3431 περὶ
545 3339 672 3411 τούτων
689 3338 791 3411 ουδὲυ
805 3347 934 3410 δίκαιον
951 3364 1006 3408 πε·
1024 3357 1059 3410 36

41 3451 186 3531 ποίηκεν
203 3471 280 3513 ουτε
297 3445 372 3532 περὶ
390 3468 458 3511 των
475 3440 585 3512 ἄλλων
602 3439 726 3530 άληθδς
743 3437 844 3511 οὐδὲν
863 3449 1006 3529 εἴρηκεν,

40 3541 177 3614 ἅπαντα
202 3545 239 3613 δὲ
258 3547 375 3624 δεινάς
392 3545 564 3634 πλεονεξίᾳ
581 3541 802 3632 μεμηχάνηται
821 3539 1008 3630 διαβάλλων

95 3658 210 3708 Imus.
814 3659 852 3718 10
