2442 3948
62 188 102 239 Οτ.
116 190 139 240 2.
204 189 294 242 ΠΕΡΙ
312 188 388 238 ΤΟΤ
405 186 657 240 ΜΕΝΕΚΛΕΟΤΣ
674 185 837 237 ΚΛΗΡΟΤ.
955 189 995 251 29

61 358 258 478 ποιησάμενος
286 363 343 447 τῆς
372 365 493 448 ἔχθρας
528 355 680 428 διάλυσιν
713 355 794 447 πρὸς
827 351 910 445 ῆμοῖς
942 358 997 425 καί

59 454 162 579 ὀμόσας
183 457 302 550 ὅρκους
324 457 423 529 πάλιν
446 462 511 529 νῦν
534 455 605 546 ῆκει
623 488 662 528 τα
652 453 925 546 ὁμολογηθέντα
941 459 996 526 καὶ

60 555 207 680 ὁμοθέντα
238 557 404 682 πμραβολς,
434 561 490 628 καὶ
512 555 696 680 ἀφελέσθαι
724 587 764 647 με
791 555 877 640 ἀξιοῖ
902 560 997 628 ταυτὶ

59 687 90 726 τα
81 656 211 749 λοιποί,
230 688 334 739 ουτως
357 657 437 730 ὅντα
459 657 567 749 μικροὶ.
604 657 666 748 έητὸ
691 661 728 728 δὲ
746 666 776 728 ί
746 687 836 747 μη
855 656 943 728 πάνυ
960 655 997 728 τὸ
1014 670 1044 719 41

59 763 174 849 πρᾶγμα
201 757 338 882 αίσηρόν
372 759 456 828 εἶναι
486 757 633 880 ἐνόμιζον
665 763 720 830 καὶ
759 763 995 845 ἐπονείδιστον,

59 865 225 984 προθρῆναι
248 858 307 931 τόν
329 863 454 949 πατέρα
476 849 518 930 οὗ
546 859 630 929 εἶναι
654 856 854 981 ὠνομάσθην
883 853 980 928 καὶ“
960 886 997 938 ος

59 959 217 1046 ε’ποιῆσατό
239 988 296 1081 με,
320 957 402 1047 ταχυ
424 989 466 1030 αν
488 957 632 1048 ἀπέστην
654 956 745 1052 αυτῷ
766 963 833 1030 τοῖν
852 964 996 1030 ἐκείνου

59 1065 118 1128 ἔστι
143 1058 202 1150 γαρ
230 1056 414 1132 ὑπόλοιπον
440 1056 569 1130 0136st
550 1087 602 1148 εν,
631 1089 675 1140 ως
703 1055 801 1130 καλ’
782 1065 868 1148 υμᾶς
887 1071 995 1150 οίομαι

60 1159 285 1230 αἰσθάνεσθαι..
315 1163 393 1230 νυνὶ
411 1161 448 1230 δέ
462 1158 573 1231 ὃεινόν
585 1158 621 1230 τό
639 1165 772 1251 πρᾶγμα
789 1164 844 1230 καὶ
863 1151 999 1249 αίσχρόν
1015 1174 1048 1222 42

59 1258 133 1330 εἶναι
147 1265 227 1350 κῆδε
243 1269 380 1350 νομίζω,
404 1268 436 1329 εί
450 1257 549 1349 ἡνίκα
566 1262 627 1350 μὲν
643 1255 661 1331 6
679 1263 853 1349 Μενεκλῆς
872 1261 940 1350 εἶχέ
954 1290 996 1347 τι,

57 1357 120 1430 τότε
134 1363 193 1452 μὲν
211 1368 319 1431 ἔδωκα
338 1359 479 1450 ἐμαυτὸν
501 1358 577 1432 νίὸν
595 1357 686 1454 αὐτῷ
707 1358 920 1449 ποιήσασθαι,
943 1363 998 1430 καλ

57 1455 112 1530 ἆπό
127 1466 181 1550 τῆς
197 1458 314 1542 οὐσίας
337 1465 394 1548 τῆς
417 1465 562 1549 ἐκείνου,
586 1465 666 1552 πρὶν
689 1466 859 1552 πραθῆναι
883 1459 919 1532 τὸ
937 1490 998 1550 χον

57 1571 131 1650 ρίον,
156 1561 442 1651 ἐηυμνασιάρχουν,
461 1566 497 1632 έν
513 1566 561 1656 τῷ
569 1560 670 1654 σῆμρι
688 1566 742 1632 καλ
761 1561 999 1652 έφιλοτιμῆθην

56 1657 95 1741 οἱς
116 1660 184 1743 υίὸς
207 1656 255 1732 ὦν
277 1666 425 1751 Ιἐκείνου,
454 1665 510 1732 καὶ
533 1659 589 1742 τοὶς
618 1671 804 1752 στρατείας,
834 1660 908 1734 ὅσαι
932 1665 998 1751 ἐμέ-

55 1789 143 1832 νοντο
165 1767 200 1833 έν
222 1765 270 1855 τῷ
290 1759 398 1854 χρόνῳ
414 1761 538 1854 τούτῳ,
562 1761 774 1853 ἐστράτευμαι
799 1767 835 1834 ἐν
852 1767 893 1853 τῆ
909 1765 1001 1852 φυλῆ

54 1864 93 1949 τῆ
113 1865 237 1932 ἐκείνου
261 1865 316 1932 καὶ
340 1867 375 1931 έν
396 1866 445 1954 τῷ
468 1861 574 1955 ἃῆμφ·
601 1862 714 1951 ἐπειδὴ
736 1865 772 1932 δὲ
791 1868 916 1944 ἐκεῖνος
934 1867 999 1932 έτε-
1016 1878 1049 1930 43

55 1960 219 2052 λεέτησεν,
251 1970 281 2032 εί
307 1961 470 2053 προδώσω
498 1964 553 2033 καὶ
583 1963 787 2053 ἐξερημώσας
815 1961 919 2033 αὐτοῦ
942 1960 1000 2032 τὸν

54 2061 138 2133 οἶκον
159 2059 268 2132 οἷπιών
290 2062 477 2153 οἰχήσομαι,
501 2066 570 2144 ποῆς
593 2060 655 2133 οὐκ
677 2058 719 2134 ἂν
738 2061 848 2134 ὃεινόν
864 2061 901 2135 τό
918 2066 998 2154 πρᾶ-

54 2191 115 2250 ημα
136 2163 220 2234 εἶναι
239 2167 294 2232 καλ
318 2167 558 2252 καταγέλαστον
577 2171 706 2287 δοκοίη,
725 2167 780 2234 καὶ
797 2181 865 2246 τοῖς
883 2173 999 2253 βουλο-

54 2266 154 2349 μένοις
172 2266 249 2353 περὶ
264 2268 344 2388 έμοῆ
361 2271 568 2353 βλασφημεῖν
585 2263 710 2354 πολλῆν
729 2267 879 2348 ἐξουσίαν
896 2293 999 2355 παρα-

54 2366 200 2451 σχέσθαις
222 2367 278 2434 καὶ
301 2361 341 2434 οὕ
363 2363 465 2487 μόνον
488 2361 582 2435 ταῦτ’
613 2369 680 2436 ἐστὶ
708 2363 748 2436 κά
777 2365 935 2438 ποιοῦντα
961 2393 1001 2454 με

54 2459 265 2550 ἀγωνίζεσθαι
288 2463 347 2535 τόυ
369 2461 482 2552 νἰμοινα
504 2469 639 2553 τούτου,
660 2463 733 2536 αλλ’
759 2464 853 2535 εί“
812 2495 898 2538 ουτω
915 2469 1000 2555 φαῦ-

54 2572 101 2646 λος
122 2562 300 2655 ανθρωπος
326 2568 413 2635 ὃοκοι
437 2565 521 2633 εἶναι
544 2568 599 2634 καλ
622 2563 762 2653 μηδενὸς
788 2563 889 2653 αξιος,
919 2563 1002 2634 ὥστε

54 2659 111 2735 ὑπὸ
128 2668 201 2754 μὲν
197 2692 248 2734 εν
264 2668 468 2787 φρονοῦντος
485 2659 601 2752 μηδ’
582 2663 643 2753 νφ’
669 2663 741 2744 ενός
763 2694 805 2734 αν
816 2669 1002 2790 πριηθῆναι

55 2793 113 2836 των
135 2761 304 2854 φίλων,
285 2763 351 2835 υπὸ
375 2765 412 2833 δε
429 2768 739 2890 παραφρονοῦντος,
763 2771 845 2838 ταῦτ
850 2763 999 2837 ’ἐστὶ
963 2794 1003 2835 τα

55 2865 220 2936 λυπουντα
237 2894 284 2954 με

93 2962 174 3054 Ἐγω
198 2956 261 3036 οὖν
291 2959 445 3056 δέομαι
426 2993 521 3055 υμων
548 2965 699 3056 πάντων,
729 2997 754 3036 ω
783 2965 918 3059 ανδρες,
948 2970 1002 3037 καὶ
1020 2981 1052 3028 44

55 3061 213 3154 α’ντιβολα
241 3069 296 3135 καὶ
326 3064 461 3136 ἱκετεύω
491 3070 625 3154 ἐλεῆσαί
650 3097 690 3157 με
714 3070 769 3138 καὶ
793 3067 1002 3158 ἀποψηφίσα-

55 3177 128 3235 σθαι
145 3171 207 3238 τοῦ
223 3165 384 3258 μάρτυρος
401 3175 543 3237 τουτουί.
585 3166 738 3258 ἀπέφηνα
762 3166 794 3237 δ’
818 3166 899 3259 ὑμῖν
917 3171 1004 3258 προῖ-

55 3293 106 3335 τον
122 3267 185 3355 μὲν
202 3271 382 3356 ποιηθέντα
405 3265 544 3356 έμαυτὸν
561 3263 627 3340 ὑπὸ
650 3273 711 3339 τοῦ
727 3271 936 3349 Μενεκλέους
959 3263 1003 3347 οἷς

55 3361 91 3434 ἄν
111 3395 161 3447 τις
187 3366 374 3438 δικαιότατα
396 3376 566 3457 ποιηθείη,
590 3373 645 3443 καλ
668 3365 708 3438 06
726 3368 812 3464 λόγῳ
830 3366 910 3438 οὐδὲ
934 3377 1003 3438 ιλια-

55 3464 138 3555 θῆκη
156 3465 218 3556 τῆν
235 3477 367 3557 ποίησιν
383 3472 621 3558 γεγενημένην,
646 3465 719 3538 ἄλλ’
739 3476 838 3564 έργφ·
857 3471 912 3539 καὶ
930 3468 1003 3539 τού·
1021 3483 1053 3532 45
