2442 3948
79 240 110 290 p.
125 225 161 274 ον.
204 227 295 279 unm
312 224 388 276 νον
406 223 704 278 οιλοκνευοαοε
721 225 884 280 mmor.
981 233 1023 298 87

78 393 217 484 γνήσιοι,
235 393 293 466 τόν
311 399 486 488 ἐπίτροπον
504 399 613 491 ἑαυτῷ
628 395 804 487 λαγχάνειν
820 399 881 470 τοι]
896 397 1025 490 Εὐκτή-

77 524 171 583 μονος
188 494 312 586 κλήρου
330 499 385 566 καί
402 501 460 584 τής
470 495 637 588 θυγατρός
655 495 759 568 αὐτοῦ
776 494 820 579 ὥς
836 497 937 588 οὔσης
956 505 1023 572 ἐπι-

76 601 184 684 δίκου,
204 605 234 666 εἰ
251 599 288 666 δὲ
305 596 350 686 μή
363 604 426 667 εἰσι
437 596 583 686 γνήσιοι,
601 601 667 668 νῦν
685 604 1023 690 διαμεμαρτυρηκέναι

75 690 119 776 ὥς
143 700 206 766 εἰσί
231 695 376 785 γνήσιοι;
408 702 512 768 ταῦτα
536 695 599 788 γάρ
625 695 708 768 αὐτοὶ
735 702 865 780 ἑαυτοῖς
891 703 1023 772 ἐναντία

74 799 168 866 ἐστίν.
204 793 282 866 ὥστ’
306 795 347 866 οὐ
368 795 471 888 μόνον
486 793 550 887 ὑφ’
567 794 661 888 ήμοῖν
679 802 840 889 ἐλέγχεται
856 798 897 870 τά
914 806 1024 891 ψευδῆ

73 897 399 989 διαμεμαρτυρηκάς,
432 895 515 968 άλλά
540 901 594 968 καὶ
621 903 652 982 ἐξ
680 890 729 970 τόν
744 897 852 986 ,αὐτός
877 900 1020 992 πράττει.

72 999 128 1065 καί
143 997 247 1092 τούτῳ
265 1000 326 1087 μὲν
351 996 463 1080 οὐδεὶς
482 1005 698 1089 διαμαρτυρεῖ
712 998 756 1089 μή
775 1004 922 1072 ἐπίδικον
939 1001 1024 1072 εἰναι
1040 1023 1075 1078 σε

72 1095 132 1166 τόν
147 1102 284 1189 κλῆρον,
302 1096 376 1168 ἄλλ’
396 1097 574 1192 εὐθυδικίᾳ
586 1103 737 1170 εἰσιέναι·
755 1090 850 1181 οὗτος
869 1099 901 1171 δ’
920 1099 1024 1174 άπαν·

75 1224 131 1278 τας
154 1193 329 1290 άποστερεῖ
352 1203 410 1287 τῆς
435 1197 716 1289 ἀμφισβητήσεως.
756 1203 811 1270 καὶ
840 1202 1024 1292 διαρρήδην

73 1297 281 1390 μαρτυρήσας
298 1308 454 1388 γνησίους
471 1297 548 1381 τούς
560 1306 680 1381 παῖδας
693 1300 794 1390 εἰναι,
812 1311 915 1370 οῖεται
934 1305 1024 1392 ἐξαρ-

71 1401 178 1470 κέσειν
194 1395 279 1488 ὑμῖν
296 1399 528 1491 παρεκβάσεις,
554 1398 611 1471 ἐάν
630 1401 667 1471 δέ
682 1405 779 1472 τοῦτο
796 1401 858 1490 μὲν
874 1398 954 1490 μηδ’
974 1405 1023 1490 ἐγ-

71 1498 205 1589 χειρήση
219 1499 445 1570 ἐπιδεικνύναι
456 1495 477 1589 ή
490 1503 545 1571 καὶ
557 1498 639 1571 κατά
648 1499 766 1593 μικρόν
775 1529 807 1571 τι
825 1505 1024 1592 ἐπιμνησθή,

63 1594 148 1688 ’ἡμῖν
173 1601 210 1668 δὲ
233 1599 462 1690 λοιδορήσηται
485 1600 609 1690 μεγάλη
632 1605 673 1691 τῇ
694 1607 792 1692 φωνή
814 1606 869 1672 καὶ
886 1605 965 1692 λέγη
980 1599 1024 1684 ὥς

74 1701 157 1770 εἰσίν
174 1705 247 1769 οἵδε
257 1700 319 1790 μὲν
336 1695 487 1771 πλούσιοι
499 1697 597 1780 αὐτὸς
612 1703 648 1770 δὲ
660 1705 776 1791 πένης,
796 1700 850 1772 διά
868 1705 1024 1773 δὲταῦτα

71 1797 180 1882 δόξειν
204 1798 282 1882 τούς
308 1807 428 1882 παῖδας
456 1801 541 1871 εἶναι
566 1809 731 1889 γνησίους.
766 1807 824 1889 τής
843 1804 879 1872 δὲ
896 1801 1024 1873 τούτων
1040 1820 1077 1877 60

68 1896 202 1988 οάσίας,
227 1891 255 1968 ὦ
271 1897 408 1991 ἄνδρες,
434 1908 481 1982 εἰς
497 1897 558 1989 τήν
581 1899 678 1970 πόλιν
695 1909 797 1970 πλείω
813 1899 1023 1971 ἀναλίσκεται

70 1993 91 2087 ή
109 2008 156 2080 εἰς
174 1997 297 2081 αὐτοάς
313 1999 458 2082 τούτους.
503 2003 558 2071 καί
577 1999 805 2091 Φανόστρατος
822 2002 883 2090 μὲν
900 2029 1024 2091 τετριη-

69 2099 235 2189 ράρχηκεν
261 2099 393 2182 ἑπτάκις
417 2099 499 2190 ήδη,
526 2099 582 2182 τάς
610 2102 647 2171 δέ
672 2097 875 2192 λειτουργίας
898 2096 1025 2183 άπάσας

71 2199 320 2291 λελειτούργηκε
352 2202 407 2271 καί
437 2199 494 2281 τάς
524 2209 677 2283 πλείστας
707 2210 802 2283 νίκας
833 2209 1024 2291 νενίκηκεν·

72 2296 184 2370 οὑτοσὶ
197 2301 235 2370 δὲ
247 2304 487 2393 Χαιρέστρατος
497 2306 686 2390 τηλικοῦτος
698 2298 746 2374 σίν
761 2301 1025 2394 τετριηράρχηκε,

71 2399 273 2492 κεχορήγηκε
297 2403 334 2472 δὲ
350 2409 547 2495 τραγῳδοῖς,
572 2400 875 2493 γεγυμνασιάρχηκε
893 2404 930 2473 δὲ
946 2412 1027 2492 λαμ-

70 2500 168 2570 πάδι·
187 2503 244 2572 καί
261 2499 318 2583 τάς
337 2500 493 2592 εἰσφοράς
512 2501 758 2592 εἰσενηνόχασιν
770 2498 949 2593 άμφότεροι
966 2502 1027 2573 πά·
1139 2555 1143 2564 .

70 2623 130 2682 σας
149 2605 186 2671 έν
202 2619 271 2683 τοῖς
287 2609 492 2693 τριακοσίοις.
519 2604 575 2671 καὶ
592 2605 672 2680 τέως
688 2603 749 2690 μὲν
768 2597 822 2669 δί’
841 2598 945 2688 ὄντες,
962 2607 1028 2672 νῦν

74 2703 110 2772 δὲ
127 2704 184 2770 καί
202 2697 220 2770 ὁ
237 2701 395 2793 νεώτερος
412 2696 525 2772 οὑτοσὶ
542 2717 676 2792 χορηγεῖ
690 2702 751 2789 μὲν
768 2706 962 2792 τραγῳδοῖς,
981 2709 1028 2782 εἰς

72 2803 111 2872 δὲ
135 2798 215 2881 τούς
241 2811 450 2893 τριακοσίους
477 2804 692 2892 ἐγγέγραπται
718 2803 774 2870 καί
801 2802 947 2892 εἰσφέρει
972 2799 1029 2883 τάς

74 2900 240 2993 εἰσφοράς.
289 2899 366 2973 ὥστ’
400 2900 440 2973 οὗ
467 2910 675 2992 φθονεῖσθαί
704 2909 788 2972 εἰσιν
813 2899 912 2991 άξιοι,
946 2899 1028 2972 άλλά
1045 2919 1078 2972 61

72 2999 159 3073 πολῦ
185 3005 309 3091 μάλλον
333 3000 376 3091 νή
393 3011 462 3074 Δία
479 3006 535 3073 καί
556 3001 614 3073 τόν
628 2999 773 3074 Ἀπόλλω
791 2993 898 3092 οὗτοι,
927 3011 958 3072 εἰ
973 3001 1029 3091 λή-

73 3118 193 3185 ψονται
219 3099 240 3170 ά
265 3101 309 3192 μὴ
331 3102 487 3196 προσήκει
511 3101 631 3184 αὐτοῖς.
667 3108 727 3174 τοῦ
747 3101 810 3193 γάρ
829 3101 1028 3192 Φιλοκτήμο-

74 3231 130 3284 νος
148 3201 274 3293 κλήρου
291 3199 333 3273 άν
350 3205 411 3293 μέν
428 3203 654 3292 ἐπιδικάσηται
670 3200 739 3292 ὅδε,
757 3200 837 3291 ὑμῖν
854 3199 957 3272 αὐτόν
973 3230 1028 3270 τα-

73 3301 217 3391 μιεύσει,
228 3299 268 3372 τά
279 3302 544 3393 προσταττόμενα
554 3308 755 3395 λειτουργῶν
765 3299 874 3391 ὥσπερ
891 3304 947 3370 καὶ
963 3304 1030 3371 νῦν

75 3406 129 3474 καὶ
147 3410 196 3474 ἔτι
213 3407 351 3492 μᾶλλον·
371 3401 428 3474 ἐάν
446 3402 479 3475 δ’
498 3394 590 3475 οὗτοι
607 3402 748 3492 λάβωσι,
769 3399 1029 3491 διαφορήσαντες

77 3504 200 3594 ἑτέροις
218 3502 501 3593 ἐπιβουλεύσονσι.
