2486 3948
423 318 719 394 παεευοκκι.
993 317 1055 380 κου

92 481 165 545 δεῖν
177 483 241 545 καί
249 503 280 544 τι
291 475 375 565 ἡμᾶς
392 477 446 544 καὶ
463 470 536 544 οἷον
555 479 591 542 ἐν
602 480 788 564 κωμῳδίαις
805 481 878 564 περὶ
890 475 952 547 τόν
961 478 1056 548 Σκά-

44 587 73 639 10
90 579 253 661 μαυδρον
272 571 485 661 έργάσασθάι.
519 571 611 659 κάγύ
635 573 699 660 μέν
714 573 795 644 ἄλλο
814 574 913 646 ούδέν
932 573 955 666 ἢ
975 576 1053 647 ὅποι

91 673 185 760 λήξει
196 671 222 760 ἡ
233 673 377 760 τοσαύτη
387 671 604 760 ἀναισχυντία
621 677 836 763 προσμένων,
854 685 983 758 λίθινος
994 674 1051 746 ὑπ’

93 770 253 851 ἀπιστίας
265 771 448 858 ἐγεγόνειν·
470 769 488 838 ὁ
501 771 537 839 δὲ
548 769 642 860 ἐφ’κει
652 775 706 840 καλ
718 777 833 859 τρίτην
846 771 1053 855 Ἀπόλλωνός

93 897 151 958 μοι
173 877 268 940 δοκῶ
289 873 344 939 καί
355 871 531 939 Διονύσου
551 876 700 957 μοιχείαν
716 871 865 957 ἐπάξειν,
889 873 951 952 ἕως
972 872 1054 942 ίδόν

93 972 158 1055 ἐγώ
184 969 290 1057 ὄχλον
311 971 494 1059 προσιόντα
514 978 555 1058 τῇ
572 969 665 1059 θύρᾳ
682 967 792 1057 ,τοῦτ’
805 975 935 1039 ἐκείνοι(
956 977 1053 1060 ἔφην,

94 1071 395 1157 ,καταπρήσαντες
405 1067 491 1192 ι’χμάς
503 1069 675 1156 πάρεισι,“
697 1071 752 1138 καί
769 1067 808 1137 δι’
806 1068 1053 1194 ὀπισθοδόμου

93 1171 188 1250 τινός
213 1168 341 1250 εύθέας
362 1171 446 1256 πρὸς
468 1173 727 1256 Μελανιππίδην
748 1170 886 1256 φεύγων
907 1169 1051 1258 ᾠχόμην,

94 1273 234 1338 έκεσθεν
245 1273 280 1338 δὲ
292 1271 431 1354 ἑσπέρας
448 1270 500 1338 έπλ
511 1268 693 1338 θάλατταν.
706 1267 775 1337 εἶτα
788 1269 1053 1362 πρόσδενάξέυφ

93 1368 202 1437 καλ”
171 1388 265 1458 ωστη
287 1367 396 1461 άνέμφ
414 1365 686 1456 κατηχθημεν,“
667 1395 707 1437 ου
723 1366 875 1456 μηδείς“
853 1396 896 1437 αν
912 1365 1054 1450 anos*
1031 1397 1052 1457 η

96 1494 242 1554 φευγωυ
252 1494 288 1536 το
277 1466 521 1554 ΗΚιμοίνειον
499 1492 580 1552 αγος
591 1463 767 1554 ύπομείυαι
777 1471 897 1537 πλέων.
917 1473 1056 1536 τοιαῦτα
1069 1481 1120 1537 σθλ

94 1568 158 1652 μὲν
171 1566 299 1637 παθων
309 1572 380 1636 δεῖν
389 1577 442 1635 σοι
452 1566 604 1653 γράφειν,
618 1563 661 1645 ὡς
672 1566 895 1653 σχετλιάσαντι
906 1569 961 1635 καί
972 1569 1054 1654 ἐμοῦ

93 1674 245 1754 μᾶλλον,
259 1667 367 1757 ᾤμην·
391 1663 434 1733 σύ
445 1664 481 1732 δὲ
492 1660 535 1731 άυ
545 1667 683 1752 ίκαυοὶς,
696 1663 801 1750 οἶμαι,
815 1667 995 1752 γελάσειας.

551 1815 600 1878 ll.

184 1931 270 1993 ΤΗΙ
286 1931 461 1994 ΒΟΥΛΗΙ
477 1930 565 1992 ΚΑΙ
586 1929 670 1992 ml
688 1929 855 1993 ΛΗΜΩΙ
876 1927 974 1992 ΤΩΝ

447 2029 708 2091 ΛΘΗΝΑΙΩΝ.

187 2149 237 2220 Τά
249 2152 310 2238 μὲν
320 2151 404 2221 ἄλλα
416 2156 486 2222 δεῖν
497 2151 576 2241 ύμῖν
586 2156 797 2240 ἐπιστέλλειν,
809 2155 884 2241 περί
896 2143 945 2221 τόν
956 2157 1054 2242 ἐβου-

102 2251 225 2339 λόμην,
248 2254 303 2320 καί
321 2251 630 2344 πρότερονῷόμηυ·
651 2249 775 2336 οὐγὰρ
800 2249 999 2340 άφηρῆσθαί
1016 2279 1055 2338 γε

101 2356 199 2418 τοῦτο
211 2348 419 2437 ἀτυχήσαντα
429 2359 498 2420 τεόν
509 2351 583 2438 παρ’
596 2349 678 2438 ὑμῖν
688 2349 943 2437 ὑπελάμβανον·
967 2370 1054 2438 συμ-

101 2449 278 2532 βουλεύειν
298 2453 407 2520 δὲκαὶ
430 2459 722 2537 πολυπραγμονεῖν
740 2447 782 2516 ού
804 2457 923 2536 μικράς
945 2455 1055 2539 έμοιγε

101 2544 261 2635 ἀκρασίας
272 2553 370 2635 ἔργον
388 2551 540 2635 ἐφαίνετο
557 2547 658 2635 εἶναι,
681 2547 839 2617 δεδωκότι
855 2549 1054 2638 τηλικαύτην

103 2646 201 2732 δίκην
220 2653 284 2713 τού
304 2647 556 2732 πολιτεύεσθαι,
578 2645 668 2733 πλὴν
685 2655 717 2715 ελ
729 2674 761 2715 τι
773 2649 841 2715 δέοι
857 2650 1054 2718 καλούντων

74 2757 90 2808 2
103 2738 209 2830 ὑμιόν.
232 2743 339 2825 άλλως
351 2746 386 2814 δὲ
400 2750 482 2834 μηδὲ
493 2745 593 2836 ῥηίδιά
603 2765 690 2815 τισιν
700 2749 909 2835 ἐπιτηδείων,
931 2743 992 2835 οὐχ
1004 2747 1055 2818 ότι

103 2843 212 2932 πόλει,
226 2847 469 2934 συμβουλεύειν
485 2843 508 2914 δι’
523 2847 681 2933 προσήκει
700 2843 827 2937 ᾠόμην·
850 2844 932 2934 ύμίν
942 2845 978 2916 δὲ
991 2847 1055 2914 ἐύ-

104 2965 173 3024 ρων
189 2941 311 3024 ἅλλους
330 2947 385 3014 καί
409 2949 517 3034 λέγειν
536 2948 591 3016 καὶ
610 2943 766 3034 πράττειν
789 2949 996 3032 δυναμένους
1014 2942 1054 3011 τά

102 3041 215 3111 κοινά·
228 3049 405 3114 κατέλιπον
415 3047 479 3134 γάρ
493 3045 555 3115 ούκ
567 3044 707 3130 ὀλίγους.
732 3047 801 3112 ἐπεί
819 3043 855 3111 δὲ
873 3045 907 3111 οί
922 3041 984 3130 μὲν
999 3070 1054 3112 τε-

103 3147 221 3226 θνᾶσι,
244 3145 359 3211 πολλοί
373 3144 409 3211 δὲ
421 3142 623 3231 ἠτυχήκασιν
634 3141 747 3223 ὥσπερ
758 3137 840 3226 ἐγώ,
863 3143 1055 3226 περιέστηκε
1070 3156 1120 3212 686

104 3238 138 3306 δὲ
150 3237 169 3326 ἡ
181 3238 278 3321 πόλις
288 3246 334 3320 είς
351 3243 489 3325 ἐρημίαν
500 3247 568 3306 τῶν
585 3238 870 3322 πολιτευομένων,
893 3233 1006 3304 άκούα
1018 3240 1054 3306 δὲ

102 3336 247 3428 τούςμέν
255 3339 362 3408 αύτού
372 3336 548 3422 παρόντας,
556 3332 636 3412 τούς
648 3333 682 3399 δὲ
694 3334 748 3400 καὶ
759 3329 798 3400 δι’
807 3335 991 3401 ἐπιστολῶν
1001 3361 1052 3404 κι-

103 3449 172 3504 νεῖν
186 3464 219 3506 τι
235 3444 304 3506 τῶν
322 3443 380 3522 τῆς
396 3433 524 3512 πόλεως
539 3431 761 3518 πραγμάτων,
785 3433 914 3517 ἕτοιμος
932 3428 995 3521 ἥδη
1013 3434 1052 3504 τοὶ

104 3535 267 3604 δοκοῦντα
284 3541 326 3623 τῇ
342 3532 437 3602 πόλει
455 3533 656 3619 συμφέρειν,
680 3527 725 3610 ὡς
741 3529 849 3618 μόνον
865 3533 970 3612 ἔξεστί
985 3558 1052 3619 μοι,

143 3630 303 3686 Αεεοιιιαεε.
