2474 3946
366 308 490 365 ΚΑΤΑ
514 307 781 370 ΤΙΜΑΡΧΟΥ.
1009 313 1050 376 59

98 461 204 544 αύτάς
217 468 321 532 εἰπείν
331 463 465 550 γνῶμας
479 462 585 544 οὕτως
596 463 685 545 ὅπως
695 463 739 534 ῶν
749 467 897 556 δύνηται,
910 467 948 552 ῶς
958 470 1050 540 εἶπεν

99 561 293 650 ὁπρότερος
304 562 428 648 ῥήτωρ,
451 559 550 648 ,,ῗν’“
561 567 623 648 ἐφη
641 567 699 648 ,,οἰ
715 568 969 653 Λακεδαιμόνιοι
986 565 1048 637 άν·

99 659 180 747 δρὸς
197 656 331 744 άγαθοῶ
349 663 583 745 φθεγξαμένου
599 666 824 748 ψηφίσωνται,
847 663 905 742 τάς
928 661 967 734 δέ
980 673 1048 734 τῶν

98 756 419 827 ὑποδεδειλιακότων
444 760 498 826 καὶ
524 765 682 845 πονηρῶν
708 757 900 848 άνθρῶτων
934 763 1048 848 φωνάς

98 857 182 944 μηδὲ
192 869 260 934 τοῖς
271 853 330 924 ῶσί
342 859 620 940 προσδέχωνται.“
629 855 730 924 ταῦθ’
744 855 909 945 ὁγέρωνὸ
923 865 958 929 ἐκ
971 886 1047 929 παι-

99 953 158 1032 δὸς
179 953 443 1038 σεσωφρονηκῶς
471 953 636 1042 παρῄνεσε
656 965 724 1032 τοῖς
747 955 869 1024 ἑαυτοῦ
890 963 1044 1036 πολίταις.
1064 976 1114 1032 175

98 1049 181 1135 ταχύ
210 1047 243 1134 γ’
267 1044 310 1116 ῶν
335 1055 500 1134 Τίμαρχον
525 1044 548 1134 ἦ
570 1049 631 1117 τόν
650 1054 803 1120 κίναιδον
822 1056 1048 1140 Δημοσθένην

98 1155 188 1214 εἰασε
199 1145 441 1214 πολιτεύεσθαι.

25 1252 80 1308 182
175 1243 247 1314 Ἵνα
259 1243 349 1332 δὲμὴ
362 1249 452 1312 δοκῶ
461 1249 743 1331 Λακεδαιμονίους
753 1247 974 1334 θεραπεύειν,
992 1251 1047 1315 καὶ

96 1349 168 1409 τῶν
190 1339 358 1433 ἡμετέρων
385 1343 563 1428 προγόνων
588 1345 832 1432 μνησθήσομαι.
867 1343 955 1412 οὕτω
982 1342 1046 1430 γάρ

96 1433 188 1525 ἦσαν
207 1437 290 1525 πρὸς
309 1438 367 1518 τῶς
390 1440 550 1526 αἰσχύνας
572 1448 706 1526 χαλεποὶ
725 1445 781 1511 καὶ
797 1445 873 1527 περὶ
889 1448 1046 1510 πλείστου

95 1545 168 1606 τῶν
185 1543 311 1606 τέκνων
327 1538 389 1624 την
409 1539 634 1625 σωφροσύνην
650 1544 839 1626 ἐποιοῦντο,
862 1538 940 1609 ὥστ’
960 1537 1045 1626 ἀνὴρ

97 1631 145 1714 εἷς
160 1643 229 1714 τῶν
245 1643 407 1718 πολιτῶν,
432 1633 543 1718 εὑρῶν
563 1637 625 1722 την
645 1640 766 1706 ἑαυτοῦ
786 1643 956 1725 θυγατέρα
978 1643 1046 1706 διε-

98 1737 302 1819 φθαρμένην
320 1735 376 1799 ’καὶ
391 1730 454 1818 την
469 1730 602 1818 ἡλικίαν
618 1732 660 1801 ού
678 1743 787 1814 καλῶς
798 1737 1045 1822 διαφυλάξασαν

97 1836 194 1918 μέχρι
204 1830 315 1915 γάμον
323 1879 332 1912 ,
355 1829 667 1916 ἐγκατῳκοδόμησεν
677 1829 783 1917 αὐτὴν
793 1831 871 1918 μεθ’
884 1839 988 1900 ἵππου
1001 1839 1047 1911 εἰς

98 1937 226 2018 ἔρημον
243 1934 366 2011 οἰκίαν,
390 1925 452 2014 ὑφ’
464 1921 508 1995 ού
519 1929 692 2015 προδήλως
703 1937 837 2015 ἐμελλεν
849 1928 1046 1997 ἀπολεῖσθαι

98 2027 152 2096 διά
171 2025 269 2112 λιμόν
288 2029 583 2113 συγκαθειργμένη.
609 2029 861 2095 καίέτικαίνύν
872 2035 930 2114 της
941 2033 1045 2106 οἰκίας
1063 2047 1114 2104 176

98 2125 220 2212 ταύτης
235 2127 350 2210 ἕστηκε
366 2121 406 2192 τά
425 2122 581 2192 οἰκόπεδα
598 2129 636 2193 ἐν
645 2131 691 2210 τῷ
705 2121 851 2216 ὑμετέρῳ
863 2123 970 2211 άστει,
992 2127 1047 2192 καὶ

32 2236 82 2291 183
99 2220 117 2289 ὁ
137 2223 236 2301 τόπος
254 2214 352 2301 οὖτος
369 2232 513 2290 καλειται
529 2221 609 2308 παρ’
626 2226 730 2291 ἵππου
751 2225 808 2292 καί
830 2221 944 2307 κόραν.
967 2221 985 2291 ὁ
1010 2222 1047 2290 δέ

100 2317 221 2386 Σόλων
236 2316 254 2386 ὁ
272 2325 340 2386 τῶν
357 2328 553 2405 νομοθετῶν
568 2321 782 2401 ἐνδοξότατος
798 2325 966 2407 γέγραφεν
984 2318 1047 2405 άρ-

98 2421 199 2502 χαίως
213 2419 267 2484 καὶ
284 2424 412 2502 σεμνῶς
428 2421 504 2503 περί
520 2427 577 2504 τῆς
591 2425 660 2485 τῶν
675 2425 847 2504 γυναικῶν
860 2417 1043 2501 εὐκοσμίας.

98 2513 164 2600 τήν
174 2513 237 2600 γάρ
246 2529 404 2602 γυναῖκα,
417 2514 472 2601 ἐφ’
487 2510 510 2603 ᾗ
522 2513 565 2585 ῶν
576 2514 644 2606 ἁλῶ
653 2517 774 2602 μοιχὸς,
787 2514 850 2583 οὐκ
861 2519 900 2604 ἐᾷ
912 2527 1046 2600 κοσμεί-

98 2622 183 2680 σθαι
198 2613 275 2682 οὐδὲ
294 2619 339 2693 εἰς
355 2611 396 2680 τῶ
413 2617 575 2699 δημοτελῆ
592 2615 663 2697 ἰερά
681 2614 832 2696 εἰσιέναι,
852 2613 908 2676 ἵνα
925 2611 968 2697 μὴ
988 2609 1046 2690 τάς

98 2710 347 2798 ἀναμαρτήτους
363 2719 431 2778 τῶν
448 2715 618 2794 γυναικῶν
629 2707 878 2793 άναμιγυυμένη
890 2711 1044 2791 διαφθεί
1064 2725 1112 2781 m

98 2835 155 2899 ρη·
177 2809 237 2878 ἐάν
254 2809 286 2877 δ’
305 2813 388 2898 εἰσίη
404 2805 427 2895 ἢ
444 2813 619 2893 κοσμῆται,
641 2803 701 2873 τῶν
718 2804 898 2898 ἐντυχόντα
917 2802 1046 2871 κελεύει

98 2909 366 2995 καταρρηγνύναι
376 2905 417 2975 τά
433 2905 544 2993 ἰμάτια
554 2908 609 2974 καὶ
619 2903 679 2973 τόν
689 2903 816 2991 κόσμον
829 2901 1045 2991 ἀφαιρεῖσθαι

98 3007 152 3074 καί
168 3007 321 3090 τύπτειν,
343 3007 538 3093 εἰργόμενον
554 3003 707 3072 θανάτου
723 3000 777 3072 καὶ
793 3011 856 3072 τού
872 3001 1045 3087 άνάπηρον

98 3111 249 3191 ποιῆσαι,
273 3102 399 3190 άτιμῶν
415 3103 478 3190 τὴν
493 3103 651 3190 τοιαύτην
668 3115 811 3187 γυναῖκα
828 3101 883 3168 καὶ
899 3099 959 3166 τόν
969 3104 1046 3186 βίον
1232 3171 1233 3194 3

39 3216 83 3270 184
98 3197 241 3286 άβίωτον
263 3195 347 3288 αὐτῇ
367 3199 636 3286 παρασκευάζων.
661 3201 716 3265 καὶ
732 3196 811 3276 τούς
827 3195 1045 3282 προαγωγοὺς
1232 3201 1233 3266 λ

97 3299 289 3385 γράφεσθαι
299 3297 442 3382 κελεύει,
460 3293 524 3364 κάν
535 3295 654 3381 άλῶσι,
671 3294 809 3382 θανάτῳ
821 3299 975 3378 ζημιοῦν,
994 3288 1045 3358 ὅτι

97 3401 165 3463 τῶν
181 3394 416 3481 ἐξαμαρτάνειν
434 3394 690 3480 ἐπιθυμούντων
707 3389 900 3458 ὀκνούντων
918 3391 972 3455 καὶ
992 3393 1045 3456 αἰ-

98 3495 314 3579 σχυνομένων
330 3490 485 3577 ἀλληλοις
500 3491 715 3577 ἐντυγχάνειν
732 3486 826 3556 αύτοί
838 3487 911 3574 ,την
933 3483 1044 3555 αὐτῶν
