2450 3950
203 261 244 326 12
551 262 805 321 ΑΙΣΧΙΝΟΤ

201 421 447 508 χειροτονητήν·
470 419 1171 508 μηδὲκηρυκευσάτω,·μηδδπρεσβευσάτω,λθ

149 538 183 593 46
201 520 283 606 μηδὲ
302 517 381 600 τούς
402 518 669 607 πρεσβεύσαντας
689 521 844 605 κρινέτω,
867 517 951 604 μηδὲ
972 521 1137 604 μισθωθεὶς

204 627 468 702 συκοφαντείτω,
480 616 562 702 μηδὲ
571 614 710 703 γνώμην
721 617 843 684 εἰπάτω
853 619 1019 702 μηδέποτε
1029 616 1102 702 μήτε
1110 618 1139 681 ἐν

201 721 242 801 τῇ
252 715 362 801 βουλῇ
375 713 456 800 μήτε
473 717 570 799 ἐντῷ
589 714 700 804 δήμω,
722 710 800 800 μηδ’
813 708 857 780 δν
868 706 1138 802 δεινότατοςῇλέ-

201 838 281 897 γειυ.
303 809 364 880 ἐὰν
382 814 422 879 δέ
435 839 484 890 τις
501 810 590 895 παρὰ
601 819 705 879 ταῦτα
716 811 859 898 πράττη,
881 809 1017 898 γραφὰς
1028 811 1139 896 ἑταιρή-

201 932 285 990 σεως
301 917 458 997 πεποίηκε
469 911 525 979 καί
534 907 576 977 τό
586 912 722 995 με’γιστα
731 913 873 995 ἐπιτίμια
883 911 1059 994 ἐπέθηκεν.
1079 911 1138 992 λέγε

201 1006 378 1086 αὐτοῖςκαὶ
394 1015 516 1076 τοῦτον
526 1006 586 1075 τόν
597 1008 718 1092 νόμον,
740 1005 787 1074 ἵν’
801 1011 924 1093 εἰδῆτε,
948 1013 1032 1076 οἴων
1043 1005 1139 1092 νόμον

200 1104 282 1192 ἡμῖν
293 1110 470 1193 κειμένων,
497 1103 730 1184 ὦςκαλοίνκαί
745 1104 951 1192 σωφρόνων,
977 1107 1138 1190 τετόλμηκε

204 1209 366 1290 Τίμαρχος
376 1209 575 1291 δημηγορεῖν
587 1200 605 1272 ὁ
616 1211 765 1282 τοιοῦτος
774 1200 834 1270 τόν
843 1203 971 1285 τρόπον
981 1197 1054 1270 οἷον
1064 1199 1139 1288 ὑμεῖς

200 1305 387 1371 ἐπίστασθε.

595 1407 760 1466 ΝΟΜΟΣ.

145 1511 180 1566 47
283 1495 370 1600 [Ἐύν
390 1523 433 1572 τις
452 1491 613 1579 Ἀθηναῖος
633 1495 803 1606 ἑταιρήσῃ,
809 1496 850 1582 μὴ
869 1501 973 1578 ἐξίστω
995 1493 1073 1579 αύτφ
1090 1500 1137 1558 τόν
1150 1501 1170 1553 ίλ

242 1575 354 1645 ἐννία’
337 1606 487 1683 αρχοντων
496 1585 637 1685 γενέσθαι
652 1578 724 1689 μηδ’
739 1580 916 1668 ίεράσασθαι
927 1585 1023 1686 μηδὲ
1014 1583 1137 1658 συνδικῆ-

241 1684 290 1728 σαι
303 1691 344 1752 τῳ
332 1663 457 1772 δήμῳ,
479 1661 581 1748 μηδὲ’
563 1693 658 1766 αρχην
668 1663 778 1752 αρχὲιω
796 1671 956 1774 μηδεμίαν,
980 1664 1051 1750 μήτε
1067 1665 1111 1728 ίνδ
1112 1687 1137 1741 η·

240 1773 297 1830 μον
303 1728 386 1853 μήτε
402 1745 580 1861 ὑπερόριον,
597 1749 669 1834 μήτε
684 1748 837 1835 κληρωτὴν
851 1749 922 1834 μήτε
939 1769 1137 1856 χειροτονητην,

240 1828 312 1942 μήδ
327 1833 373 1897 ἐπί
389 1839 550 1939 κηρυκείαν
561 1829 797 1938 όποστελλὲσθω,
819 1831 1136 1941 μηδὲγνοίμηνλεγίτυ,

200 1957 203 1962 -
241 1914 312 2001 μηδ’
325 1914 406 1995 εἰς
375 1945 411 1983 τα
423 1924 565 2002 δημοτελη
575 1914 639 2024 ίερόι
650 1923 753 2000 εἰσίτω,
764 1914 837 2024 μηδ’
850 1921 954 1995 ἒνταις
965 1923 1078 1991 κοιναῖς
1087 1932 1137 1976 στι

241 2009 450 2152 φανηφορίαιςί
458 2002 685 2085 στεφανούσθω,
708 1998 779 2106 μηδ’
801 1999 882 2078 ἐντός
897 2011 950 2087 τῆς
968 1997 1077 2088 ύγορᾶς
1090 2002 1137 2060 τόν

240 2093 492 2189 περιρραντηρίων
500 2089 682 2172 πορευέσθω
705 2082 757 2152 ἔδυ
768 2088 801 2152 δέ
811 2113 854 2164 τις
865 2094 957 2153 ταῦτα
967 2094 1050 2174 ποιῇ,
1062 2104 1136 2147 κατα·

239 2164 470 2252 γνωσθέντος’
435 2195 526 2235 αυτου
515 2175 662 2254 ἑταιρεῖν
675 2167 828 2259 θανύτφζ
811 2168 1005 2256 ζημιούσθω]

285 2300 414 2361 Τουτου
423 2297 535 2380 μεντοι
546 2295 607 2363 τόν
623 2323 730 2384 νυμον
739 2302 841 2384 ἔθηκε
859 2299 933 2381 περὶ
951 2324 1023 2366 των
1038 2314 1137 2382 μυσί·
1149 2301 1171 2355 22

143 2413 178 2469 48
197 2397 358 2461 κίωυταίν
376 2399 556 2479 προχείρως
571 2401 617 2473 εἰς
627 2393 668 2462 τόι
679 2396 809 2464 ἑαυτοίν
822 2395 956 2482 στόματα
967 2399 1135 2481 ἐξαμαρτο-

197 2487 341 2558 νόυτων·
362 2489 421 2569 οὓς
442 2491 478 2558 δὲ
501 2489 602 2582 ὀλίγῳ
623 2491 787 2579 πρότερον
807 2492 887 2580 ὑμῖν
908 2491 1054 2580 ἀνέγνω,
1074 2487 1136 2571 περὶ

195 2595 264 2656 τῶν
275 2592 418 2657 παίδων
431 2587 534 2670 οδςδὲ
543 2595 619 2658 νυνί
628 2593 737 2676 μέλλω
746 2595 863 2679 λέγειν,
875 2593 949 2677 περὶ
959 2601 1030 2660 των
1040 2589 1135 2658 ἄλλων

191 2686 387 2775 Ἀθηναίων.
412 2687 609 2775 ἀπαλλαγείς
625 2687 691 2775 γὰρ
708 2697 775 2758 τῶν
791 2689 906 2777 νόμων
916 2691 1047 2761 τούτων
1057 2685 1135 2756 ἰσιιέ·

197 2799 298 2871 ψατο,
324 2792 398 2853 τίνα
414 2787 476 2872 χρὴ
495 2788 623 2867 τρόπον
647 2791 910 2875 συλλεγομένους
928 2785 1016 2875 ἡμᾶς
1031 2781 1133 2865 εἰςτὴν

194 2883 1039 2968 ἐκκλησίανβουλεύεοθαιπερλτῶνσπουδαιοτύτων
1041 2904 1134 3005 πρίν

195 2978 317 3066 μα’των.
340 2981 394 3047 καί
411 2979 556 3047 πόθεν’
536 3006 681 3100 αρχεται;
703 2986 815 3073 νόμοι,
839 2988 935 3074 φησί,
957 2988 1033 3075 περὶ
1049 2981 1132 3054 εύκο-

195 3082 300 3163 σμίας.
330 3075 395 3146 απδ
418 3080 640 3204 σωφροσύνης
661 3093 795 3171 πρωτον
814 3085 1001 3174 ἤρξατο,’
977 3115 1038 3173 ως,
1058 3080 1132 3152 ὅπου

195 3172 376 3261 πλείστη
340 3183 500 3262 ευκοομια
511 3181 578 3247 ἐστὶ
584 3207 732 3268 ταυτην
743 3181 860 3267 αριστα
871 3212 933 3271 την
941 3185 1042 3254 πολιν
1052 3185 1131 3260 οἰκη-

194 3275 349 3362 σομένην.
372 3278 428 3345 καὶ
440 3300 511 3358 πως
523 3280 558 3348 δὲ
568 3281 697 3350 κελευει
706 3308 787 3361 τους
797 3287 983 3370 προέδρους
992 3279 1168 3371 χρηματνλί

192 3377 277 3455 ζεινς
299 3373 482 3445 ἐπειδαν
448 3403 485 3446 το
502 3378 694 3462 καθάρσιον
711 3390 911 3472 περιενεχθῇ
927 3379 1018 3452 καί
1003 3409 1022 3452 ο
1041 3373 1131 3463 κηννξ

192 3466 251 3546 τὰς
271 3483 430 3554 πατρίους
446 3474 543 3561 εὐχὰς
560 3475 709 3564 εὔξηται,
732 3496 998 3567 προχειροτονεῖν
1018 3469 1130 3550 κελεύει
