2474 3946
182 295 225 360 44
525 296 779 356 ΑΙΣΧΙΝΟΤ

183 465 252 526 τάν
263 461 444 540 δικαστων,
462 449 619 573 οἶμαιάν
624 451 805 539 αύτούς,ε
789 461 884 532 ελτις
899 453 944 540 μή
962 457 1134 541 προειπιδν

184 563 282 625 τοῦτο
294 553 478 640 ποιήσειεν,
490 549 671 636 άπορήσαι,
689 561 753 620 εἴτε
765 548 1133 638 άνδρὸςείτεγυναικδς
1221 592 1222 678 ρ

185 653 505 774 είλήφασινέσθήτα

266 745 497 868 Ἀναβήσεται
496 743 529 813 δ’
546 748 585 813 έν
601 772 641 833 τη
629 743 818 833 ἀπολογίᾳ
833 746 973 814 καὶτῶν
989 767 1131 866 στρατη-
1149 771 1189 826 132

185 858 255 936 γαῖν
268 874 333 933 τις,
356 843 400 922 ὥς
411 841 542 928 άκούω,
564 841 731 924 ὑπτιάζων
747 843 802 912 καὶ
819 844 1132 930 κατασκοπούμενος

186 940 369 1067 {mvndvs
345 970 389 1021 ως
406 945 443 1042 έν
461 946 674 1025 παλαίστραις
689 942 744 1009 καὶ
768 945 948 1026 διατριβαῖς
968 941 1129 1026 γεγονάς·

118 1044 206 1108 144“
187 1073 223 1124 ος
237 1033 432 1128 ἐπιχειρήσει
444 1039 617 1124 διασύρειν
633 1039 695 1126 τήν
708 1037 793 1125 ὅλην
805 1045 959 1107 ἔνστασιν
969 1046 1034 1108 τού
1045 1035 1132 1125 άγῶ-
1222 1050 1223 1144 ή

184 1168 258 1227 νος,
281 1137 323 1208 ού
340 1145 451 1226 κρίσιν
468 1141 677 1223 ἐξευρηκέναι
692 1161 733 1222 με
744 1135 903 1222 φάσκων,
925 1133 1011 1204 άλλά
1024 1140 1132 1255 δεινής
1222 1147 1223 1152 ’

185 1235 530 1322 άπαιδενσίαςάρχήν,
549 1237 753 1321 παραφέρων
769 1232 975 1321 πρῶτονμὲν
985 1231 1067 1312 τούς
1077 1231 1131 1301 εύ-

186 1341 319 1425 εργέτας
329 1363 408 1417 τους
419 1333 615 1422 ὑμετέρους,
631 1329 809 1419 Ἁρμόδιον
826 1334 881 1400 καλ
897 1329 1131 1417 Ἀριστογείτο-

185 1462 247 1520 να,
270 1436 326 1504 καλ
338 1432 401 1520 τήν
413 1431 496 1518 πρὸς
508 1427 673 1515 ἀλλήλους
685 1436 797 1497 πίστιν
814 1430 870 1497 καὶ
885 1425 922 1511 τὸ
936 1437 1073 1517 πράγμα
1089 1425 1130 1506 οἱς

185 1537 370 1623 συνήνεγκε
380 1541 422 1620 τῇ
434 1530 528 1598 πόλει
540 1529 685 1610 διεξιάν·
706 1528 768 1598 οὐκ
779 1526 932 1616 ἀφέξεται
944 1528 989 1616 δ’,
1007 1527 1128 1616 ύςφα-
1145 1552 1187 1608 13³

186 1656 251 1718 σιν,
265 1629 344 1700 ούδλ
355 1627 575 1714 τῶνὉμήρου
587 1627 778 1714 ποιημάτων
789 1625 868 1698 ούδέ
878 1635 947 1697 τῶν
958 1624 1131 1714 ὀνομάτων
1223 1675 1224 1686 ι

185 1726 437 1814 τῶνήρωικοῖν,
462 1723 547 1794 άλλιὶ
558 1726 614 1793 καὶ
629 1723 692 1811 τήν
708 1729 892 1812 λεγομένην
906 1729 1067 1812 γενέσθαι
1077 1751 1132 1812 φι-

186 1833 261 1896 λίαν
273 1823 311 1894 δι’
325 1829 431 1912 έρωτα
440 1823 640 1909 Πατρόκλου
650 1824 707 1891 καὶ
714 1820 881 1910 Ἀχιλλέως
898 1821 1060 1912 ὑμνήσει,
1080 1825 1133 1891 ιιαλ

187 1925 223 1993 τὸ
234 1923 376 2010 κάλλος,Ι
397 1922 507 2010 ὥσπερ
525 1920 568 1994 ού
578 1921 680 1990 πάλαι
696 1921 975 2012 μακαριζόμενον,
997 1917 1041 1990 άν
1053 1922 1132 2010 τύχη

187 2023 426 2110 σωφροσύνης,
449 2028 515 2089 νῦν
526 2019 771 2106 ἐγκωμιάσεται.
806 2027 837 2090 εί
847 2019 911 2106 γὰρ
922 2019 984 2106 τήν
995 2026 1056 2087 τοῦ
1066 2018 1132 2086 σά-

120 2135 170 2189 145
186 2146 289 2210 ματος
299 2115 499 2201 εὐπρέπειαν
515 2117 641 2205 ταύτην
650 2120 737 2196 τινές
752 2117 984 2206 διαβάλλοντες
1001 2137 1133 2204 συμφο-

187 2214 253 2302 ράν
268 2229 338 2293 τοῖς
354 2220 466 2299 έχουσι
483 2215 764 2301 καταστήσουσιν,
788 2211 830 2282 ού
846 2213 950 2283 ταύτά
961 2222 1060 2303 κοινῇ
1070 2228 1132 2305 φη-

187 2320 341 2404 φιεῑσθαί
349 2334 453 2400 φησιν
462 2310 548 2399 ὑμᾶς
564 2315 619 2382 καὶ
637 2317 704 2402 ,ἰδίᾳ
724 2311 895 2400 εύχεσθαν
926 2310 1054 2379 άτοπον
1069 2308 1130 2396 γάρ
1148 2338 1189 2396 ης

188 2413 274 2483 εἶναι
295 2417 407 2481 δοκεῖν
429 2407 535 2502 αύτῷ,
554 2416 584 2480 εἰ
592 2409 672 2488 τοὺς
683 2411 745 2495 μέν
753 2414 835 2490 υλελς
844 2407 922 2490 τούς
932 2412 1067 2496 μηδέπω
1078 2435 1132 2494 γε·

186 2538 328 2598 γονοτας
339 2535 483 2590 απαντες
494 2507 633 2596 ενχεσθε
642 2513 676 2578 ολ
683 2512 858 2595 μέλλοντες
866 2513 1132 2577 παιδοποιεῖσθαι

187 2608 312 2690 καλους
322 2605 496 2695 κάγαθούς
505 2603 564 2687 τὰς
579 2609 668 2687 ἰδέας
678 2614 785 2693 φῦναι
795 2609 901 2675 καὶ
860 2633 919 2692 της
929 2604 1057 2700 πόλεως
1067 2604 1132 2686 άξί-

188 2733 257 2794 ους,
268 2705 390 2786 τουςδ
401 2705 464 2794 ηδη
475 2731 667 2792 γεγονοτας,
679 2701 728 2791 ἐφ’
742 2699 791 2784 οἷς
802 2703 961 2790 προσήκει
971 2703 1133 2789 σεμνυνε

187 2817 271 2876 σθαι
280 2832 343 2891 την
354 2807 469 2890 πολιν,
493 2801 786 2874 έάνκάλλεικαλ”
759 2830 830 2893 ωρηι
842 2802 1134 2890 διενεγκόντεςέιι-

188 2903 338 2988 πλήξωσί
352 2927 443 2979 τινας
461 2905 516 2970 καὶ
536 2903 750 2990 περιμάχητοι
767 2905 801 2984 ἐξ
819 2908 940 2988 ἔρωτος
961 2905 1133 2988 γένωνται,

187 3000 342 3082 τούτους,
366 2995 410 3077 ως
432 3003 556 3087 έοικεν,
577 3007 718 3090 Αἰσχίνη
738 3006 931 3083 πεισθέντες
946 2999 1133 3089 άτιμύσετε.

187 3097 364 3168 κάνταῦθα
375 3095 416 3184 δή
425 3123 499 3164 τινα
508 3096 738 3186 καταδρομήν,
750 3097 793 3178 ὡς
804 3097 929 3187 άκούω,
939 3102 1051 3185 μέλλει
1061 3123 1134 3168 ποι-
1151 3121 1190 3176 ιω

188 3205 298 3266 είσθαι
307 3197 382 3282 περὶ
393 3198 491 3282 ἐμοῦ,
504 3199 694 3284 ἐπερωτῶν,
712 3204 743 3267 εί
752 3196 815 3268 ούκ
826 3198 1024 3286 αἰσχύνομαι
1035 3196 1134 3278 αύτός

187 3296 375 3382 μλνέντοῑς
390 3302 586 3380 γυμνασίοις
602 3292 741 3382 ὀχληρὸς
759 3291 808 3364 &v
819 3300 875 3365 καλ
885 3303 1050 3376 πλείστων
1060 3299 1136 3383 έρε-

188 3390 266 3476 στής
275 3389 439 3478 γεγονύς,
456 3389 493 3461 τὸ
505 3393 541 3460 δέ
552 3401 686 3480 πρᾶγμα
697 3399 743 3473 είς
753 3391 881 3473 ὄνειδος
890 3394 946 3464 καὶ
956 3394 1137 3474 κινδύνους

188 3487 359 3576 καθιστάς.
392 3489 447 3555 καλ
459 3486 496 3556 τὸ
507 3495 712 3575 τελευταῖον,
733 3487 1039 3576 άςάπαγγέλλουσί
1052 3492 1138 3570 τινές
