<?xml version="1.0" encoding="UTF-8"?>
<!DOCTYPE html PUBLIC "-//W3C//DTD XHTML 1.0 Transitional//EN"
    "http://www.w3.org/TR/xhtml1/DTD/xhtml1-transitional.dtd">
<html xmlns="http://www.w3.org/1999/xhtml" xml:lang="en" lang="en">
 <head>
  <title>
</title>
<meta http-equiv="Content-Type" content="text/html;charset=utf-8" />
  <meta name='ocr-system' content='tesseract 3.04.00' />
  <meta name='ocr-capabilities' content='ocr_page ocr_carea ocr_par ocr_line ocrx_word'/>
</head>
<body>
  <div class='ocr_page' id='page_1' title='image "./isaeiorationesc00isaegoog_0516.png"; bbox 0 0 2486 3948; ppageno 0'>
   <div class='ocr_carea' id='block_1_1' title="bbox 486 185 1121 262">
    <p class='ocr_par' dir='ltr' id='par_1_1' title="bbox 486 185 1121 262">
     <span class='ocr_line' id='line_1_1' title="bbox 486 185 1121 262; baseline 0.005 -3"><span class='ocrx_word' id='word_1_1' title='bbox 486 185 784 260; x_wconf 71' lang='grc' dir='ltr'><em>ΕΠΙΣΤΟΛΑΙ.</em></span> <span class='ocrx_word' id='word_1_2' title='bbox 1059 198 1121 262; x_wconf 78' lang='lat'><strong><em>215</em></strong></span> 
     </span>
    </p>
   </div>
   <div class='ocr_carea' id='block_1_2' title="bbox 100 356 1122 1042">
    <p class='ocr_par' dir='ltr' id='par_1_2' title="bbox 100 356 1122 1042">
     <span class='ocr_line' id='line_1_2' title="bbox 166 356 1122 451; baseline -0.006 -21"><span class='ocrx_word' id='word_1_3' title='bbox 166 359 342 451; x_wconf 86' lang='grc' dir='ltr'><strong><em>γυναικός,</em></strong></span> <span class='ocrx_word' id='word_1_4' title='bbox 360 357 589 448; x_wconf 77' lang='grc' dir='ltr'><strong><em>ἣσυνεξὲπεσὲ</em></strong></span> <span class='ocrx_word' id='word_1_5' title='bbox 597 385 653 444; x_wconf 88' lang='grc' dir='ltr'><strong><em>μοι</em></strong></span> <span class='ocrx_word' id='word_1_6' title='bbox 663 360 854 439; x_wconf 88' lang='grc' dir='ltr'><strong><em>κωλύοντος</em></strong></span> <span class='ocrx_word' id='word_1_7' title='bbox 865 356 972 446; x_wconf 87' lang='grc' dir='ltr'><strong><em>αύτήν</em></strong></span> <span class='ocrx_word' id='word_1_8' title='bbox 982 365 1044 426; x_wconf 87' lang='grc' dir='ltr'><strong><em>τού</em></strong></span> <span class='ocrx_word' id='word_1_9' title='bbox 1057 382 1122 425; x_wconf 85' lang='grc' dir='ltr'><strong><em>πα-</em></strong></span> 
     </span>
     <span class='ocr_line' id='line_1_3' title="bbox 166 455 1121 547; baseline -0.006 -18"><span class='ocrx_word' id='word_1_10' title='bbox 166 457 247 547; x_wconf 84' lang='grc' dir='ltr'><strong><em>τρδς</em></strong></span> <span class='ocrx_word' id='word_1_11' title='bbox 256 461 311 528; x_wconf 81' lang='grc' dir='ltr'><strong><em>καὶ</em></strong></span> <span class='ocrx_word' id='word_1_12' title='bbox 323 461 435 545; x_wconf 83' lang='grc' dir='ltr'><strong><em>μὲνειν</em></strong></span> <span class='ocrx_word' id='word_1_13' title='bbox 453 468 531 537; x_wconf 91' lang='grc' dir='ltr'><strong><em>ίσως</em></strong></span> <span class='ocrx_word' id='word_1_14' title='bbox 547 456 802 544; x_wconf 76' lang='grc' dir='ltr'><strong><em>ἀναγκαζόντων</em></strong></span> <span class='ocrx_word' id='word_1_15' title='bbox 818 467 887 526; x_wconf 87' lang='grc' dir='ltr'><strong><em>τῶν</em></strong></span> <span class='ocrx_word' id='word_1_16' title='bbox 903 457 1036 544; x_wconf 73' lang='grc' dir='ltr'><strong><em>νόμων,</em></strong></span> <span class='ocrx_word' id='word_1_17' title='bbox 1059 455 1121 524; x_wconf 89' lang='grc' dir='ltr'><strong><em>τόν</em></strong></span> 
     </span>
     <span class='ocr_line' id='line_1_4' title="bbox 166 552 1119 646; baseline -0.004 -19"><span class='ocrx_word' id='word_1_18' title='bbox 166 559 294 646; x_wconf 85' lang='grc' dir='ltr'><strong><em>τρόπον</em></strong></span> <span class='ocrx_word' id='word_1_19' title='bbox 307 565 366 645; x_wconf 81' lang='grc' dir='ltr'><strong><em>τῆς</em></strong></span> <span class='ocrx_word' id='word_1_20' title='bbox 378 558 506 637; x_wconf 86' lang='grc' dir='ltr'><strong><em>πόλεως</em></strong></span> <span class='ocrx_word' id='word_1_21' title='bbox 514 565 641 643; x_wconf 86' lang='grc' dir='ltr'><strong><em>μᾶλλον</em></strong></span> <span class='ocrx_word' id='word_1_22' title='bbox 651 552 673 643; x_wconf 86' lang='grc' dir='ltr'><strong><em>ή</em></strong></span> <span class='ocrx_word' id='word_1_23' title='bbox 684 556 762 636; x_wconf 81' lang='grc' dir='ltr'><strong><em>τούς</em></strong></span> <span class='ocrx_word' id='word_1_24' title='bbox 773 557 899 644; x_wconf 84' lang='grc' dir='ltr'><strong><em>νόμους</em></strong></span> <span class='ocrx_word' id='word_1_25' title='bbox 910 557 1119 643; x_wconf 79' lang='grc' dir='ltr'><strong><em>ἐπισταμένη,</em></strong></span> 
     </span>
     <span class='ocr_line' id='line_1_5' title="bbox 166 655 1121 745; baseline -0.005 -18"><span class='ocrx_word' id='word_1_26' title='bbox 166 661 225 727; x_wconf 82' lang='grc' dir='ltr'><strong><em>καὶ</em></strong></span> <span class='ocrx_word' id='word_1_27' title='bbox 237 655 320 745; x_wconf 75' lang='grc' dir='ltr'><strong><em>μετὰ</em></strong></span> <span class='ocrx_word' id='word_1_28' title='bbox 337 665 438 744; x_wconf 94' lang='grc' dir='ltr'><strong><em>τριῶν</em></strong></span> <span class='ocrx_word' id='word_1_29' title='bbox 454 661 585 726; x_wconf 89' lang='grc' dir='ltr'><strong><em>παίδων</em></strong></span> <span class='ocrx_word' id='word_1_30' title='bbox 600 655 732 726; x_wconf 76' lang='grc' dir='ltr'><strong><em>οὐδέπω</em></strong></span> <span class='ocrx_word' id='word_1_31' title='bbox 750 659 805 725; x_wconf 76' lang='grc' dir='ltr'><strong><em>καὶ</em></strong></span> <span class='ocrx_word' id='word_1_32' title='bbox 826 665 893 725; x_wconf 84' lang='grc' dir='ltr'><strong><em>νύν</em></strong></span> <span class='ocrx_word' id='word_1_33' title='bbox 911 665 969 742; x_wconf 80' lang='grc' dir='ltr'><strong><em>τῆς</em></strong></span> <span class='ocrx_word' id='word_1_34' title='bbox 992 659 1121 724; x_wconf 85' lang='grc' dir='ltr'><strong><em>ἑαυτῶν</em></strong></span> 
     </span>
     <span class='ocr_line' id='line_1_6' title="bbox 168 750 1121 844; baseline -0.004 -20"><span class='ocrx_word' id='word_1_35' title='bbox 168 763 346 844; x_wconf 73' lang='grc' dir='ltr'><strong><em>συμφοραῖς</em></strong></span> <span class='ocrx_word' id='word_1_36' title='bbox 361 759 631 843; x_wconf 82' lang='grc' dir='ltr'><strong><em>ἐπαισθομὲνων,</em></strong></span> <span class='ocrx_word' id='word_1_37' title='bbox 652 754 731 824; x_wconf 83' lang='grc' dir='ltr'><strong><em>ούδὲ</em></strong></span> <span class='ocrx_word' id='word_1_38' title='bbox 749 754 868 824; x_wconf 79' lang='grc' dir='ltr'><strong><em>ὁποίαν</em></strong></span> <span class='ocrx_word' id='word_1_39' title='bbox 886 750 1121 834; x_wconf 83' lang='grc' dir='ltr'><strong><em>αύτοτςὸθεός</em></strong></span> 
     </span>
     <span class='ocr_line' id='line_1_7' title="bbox 169 850 1119 942; baseline -0.003 -19"><span class='ocrx_word' id='word_1_40' title='bbox 169 858 293 923; x_wconf 84' lang='grc' dir='ltr'><strong><em>δέδωκε</em></strong></span> <span class='ocrx_word' id='word_1_41' title='bbox 324 857 511 942; x_wconf 78' lang='grc' dir='ltr'><strong><em>γινομένοις</em></strong></span> <span class='ocrx_word' id='word_1_42' title='bbox 543 859 683 941; x_wconf 78' lang='grc' dir='ltr'><strong><em>πατρίδα</em></strong></span> <span class='ocrx_word' id='word_1_43' title='bbox 710 852 772 940; x_wconf 84' lang='grc' dir='ltr'><strong><em>τήν</em></strong></span> <span class='ocrx_word' id='word_1_44' title='bbox 798 850 983 941; x_wconf 80' lang='grc' dir='ltr'><strong><em>Ἀθηναίων</em></strong></span> <span class='ocrx_word' id='word_1_45' title='bbox 1010 853 1119 939; x_wconf 86' lang='grc' dir='ltr'><strong><em>πόλιν,</em></strong></span> 
     </span>
     <span class='ocr_line' id='line_1_8' title="bbox 100 947 1122 1042; baseline -0.001 -20"><span class='ocrx_word' id='word_1_46' title='bbox 100 974 152 1030; x_wconf 85' lang='lat'><strong><em>13</em></strong></span> <span class='ocrx_word' id='word_1_47' title='bbox 170 951 291 1022; x_wconf 89' lang='grc' dir='ltr'><strong><em>ὁποίαν</em></strong></span> <span class='ocrx_word' id='word_1_48' title='bbox 308 951 340 1021; x_wconf 87' lang='grc' dir='ltr'><strong><em>δ’</em></strong></span> <span class='ocrx_word' id='word_1_49' title='bbox 359 951 486 1033; x_wconf 82' lang='grc' dir='ltr'><strong><em>εύθὲως</em></strong></span> <span class='ocrx_word' id='word_1_50' title='bbox 501 947 745 1040; x_wconf 80' lang='grc' dir='ltr'><strong><em>γενομένωναύ</em></strong></span> <span class='ocrx_word' id='word_1_51' title='bbox 756 951 923 1042; x_wconf 83' lang='grc' dir='ltr'><strong><em>ύφήρηται</em></strong></span> <span class='ocrx_word' id='word_1_52' title='bbox 934 953 1043 1022; x_wconf 80' lang='grc' dir='ltr'><strong><em>πόλιν.</em></strong></span> <span class='ocrx_word' id='word_1_53' title='bbox 1066 955 1122 1021; x_wconf 81' lang='grc' dir='ltr'><strong><em>καί</em></strong></span> 
     </span>
    </p>
   </div>
   <div class='ocr_carea' id='block_1_3' title="bbox 112 1051 1189 3518">
    <p class='ocr_par' dir='ltr' id='par_1_3' title="bbox 112 1051 1189 3518">
     <span class='ocr_line' id='line_1_9' title="bbox 169 1051 1122 1145; baseline 0.001 -22"><span class='ocrx_word' id='word_1_54' title='bbox 169 1057 276 1141; x_wconf 81' lang='grc' dir='ltr'><strong><em>ἕτεροι</em></strong></span> <span class='ocrx_word' id='word_1_55' title='bbox 288 1056 366 1143; x_wconf 77' lang='grc' dir='ltr'><strong><em>μὲν,</em></strong></span> <span class='ocrx_word' id='word_1_56' title='bbox 389 1055 433 1134; x_wconf 81' lang='grc' dir='ltr'><strong><em>ῶς</em></strong></span> <span class='ocrx_word' id='word_1_57' title='bbox 450 1061 554 1144; x_wconf 80' lang='grc' dir='ltr'><strong><em>ἔοικε,</em></strong></span> <span class='ocrx_word' id='word_1_58' title='bbox 574 1056 653 1138; x_wconf 84' lang='grc' dir='ltr'><strong><em>τούς</em></strong></span> <span class='ocrx_word' id='word_1_59' title='bbox 669 1059 796 1126; x_wconf 87' lang='grc' dir='ltr'><strong><em>ἑαυτῶν</em></strong></span> <span class='ocrx_word' id='word_1_60' title='bbox 807 1063 940 1145; x_wconf 85' lang='grc' dir='ltr'><strong><em>παῖδας,</em></strong></span> <span class='ocrx_word' id='word_1_61' title='bbox 962 1051 1074 1143; x_wconf 83' lang='grc' dir='ltr'><strong><em>τούςή</em></strong></span> <span class='ocrx_word' id='word_1_62' title='bbox 1084 1060 1122 1125; x_wconf 83' lang='grc' dir='ltr'><strong><em>ἑν</em></strong></span> 
     </span>
     <span class='ocr_line' id='line_1_10' title="bbox 168 1149 1121 1243; baseline -0.002 -19"><span class='ocrx_word' id='word_1_63' title='bbox 168 1159 311 1243; x_wconf 81' lang='grc' dir='ltr'><strong><em>Βοιωτίᾳ</em></strong></span> <span class='ocrx_word' id='word_1_64' title='bbox 322 1149 579 1241; x_wconf 82' lang='grc' dir='ltr'><strong><em>γεννηθένταςή</em></strong></span> <span class='ocrx_word' id='word_1_65' title='bbox 597 1156 633 1221; x_wconf 80' lang='grc' dir='ltr'><strong><em>ἑν</em></strong></span> <span class='ocrx_word' id='word_1_66' title='bbox 649 1159 811 1242; x_wconf 78' lang='grc' dir='ltr'><strong><em>Αἰτωλίᾳ,</em></strong></span> <span class='ocrx_word' id='word_1_67' title='bbox 835 1156 917 1238; x_wconf 87' lang='grc' dir='ltr'><strong><em>πρὸς</em></strong></span> <span class='ocrx_word' id='word_1_68' title='bbox 933 1152 1019 1240; x_wconf 81' lang='grc' dir='ltr'><strong><em>ύμοῖς</em></strong></span> <span class='ocrx_word' id='word_1_69' title='bbox 1037 1155 1121 1240; x_wconf 79' lang='grc' dir='ltr'><strong><em>πέμ-</em></strong></span> 
     </span>
     <span class='ocr_line' id='line_1_11' title="bbox 169 1248 1120 1342; baseline -0.002 -20"><span class='ocrx_word' id='word_1_70' title='bbox 169 1272 270 1322; x_wconf 89' lang='grc' dir='ltr'><strong><em>πουσι</em></strong></span> <span class='ocrx_word' id='word_1_71' title='bbox 287 1262 345 1340; x_wconf 83' lang='grc' dir='ltr'><strong><em>τῆς</em></strong></span> <span class='ocrx_word' id='word_1_72' title='bbox 360 1251 482 1322; x_wconf 87' lang='grc' dir='ltr'><strong><em>αύτόθι</em></strong></span> <span class='ocrx_word' id='word_1_73' title='bbox 498 1257 645 1334; x_wconf 72' lang='grc' dir='ltr'><strong><em>παιδείας</em></strong></span> <span class='ocrx_word' id='word_1_74' title='bbox 662 1257 874 1342; x_wconf 73' lang='grc' dir='ltr'><strong><em>μεθέξοντας·</em></strong></span> <span class='ocrx_word' id='word_1_75' title='bbox 898 1248 947 1332; x_wconf 79' lang='grc' dir='ltr'><strong><em>οἷς</em></strong></span> <span class='ocrx_word' id='word_1_76' title='bbox 963 1257 998 1321; x_wconf 82' lang='grc' dir='ltr'><strong><em>δὲ</em></strong></span> <span class='ocrx_word' id='word_1_77' title='bbox 1016 1261 1120 1320; x_wconf 83' lang='grc' dir='ltr'><strong><em>ταῦτα</em></strong></span> 
     </span>
     <span class='ocr_line' id='line_1_12' title="bbox 169 1349 1119 1439; baseline 0.001 -21"><span class='ocrx_word' id='word_1_78' title='bbox 169 1351 259 1437; x_wconf 78' lang='grc' dir='ltr'><strong><em>παρὰ</em></strong></span> <span class='ocrx_word' id='word_1_79' title='bbox 275 1361 332 1439; x_wconf 81' lang='grc' dir='ltr'><strong><em>τῆς</em></strong></span> <span class='ocrx_word' id='word_1_80' title='bbox 354 1351 487 1438; x_wconf 86' lang='grc' dir='ltr'><strong><em>φύσεως</em></strong></span> <span class='ocrx_word' id='word_1_81' title='bbox 503 1349 665 1439; x_wconf 80' lang='grc' dir='ltr'><strong><em>ὑπῆρξεν,</em></strong></span> <span class='ocrx_word' id='word_1_82' title='bbox 687 1350 727 1420; x_wconf 87' lang='grc' dir='ltr'><strong><em>ού</em></strong></span> <span class='ocrx_word' id='word_1_83' title='bbox 751 1351 974 1438; x_wconf 89' lang='grc' dir='ltr'><strong><em>δημοποιήτου</em></strong></span> <span class='ocrx_word' id='word_1_84' title='bbox 995 1350 1119 1439; x_wconf 88' lang='grc' dir='ltr'><strong><em>πατρός</em></strong></span> 
     </span>
     <span class='ocr_line' id='line_1_13' title="bbox 166 1443 1119 1538; baseline -0.002 -21"><span class='ocrx_word' id='word_1_85' title='bbox 166 1443 266 1518; x_wconf 87' lang='grc' dir='ltr'><strong><em>ούσιν</em></strong></span> <span class='ocrx_word' id='word_1_86' title='bbox 277 1447 352 1517; x_wconf 80' lang='grc' dir='ltr'><strong><em>οὐδ’</em></strong></span> <span class='ocrx_word' id='word_1_87' title='bbox 369 1447 421 1519; x_wconf 79' lang='grc' dir='ltr'><strong><em>ἐπ’</em></strong></span> <span class='ocrx_word' id='word_1_88' title='bbox 442 1457 558 1529; x_wconf 78' lang='grc' dir='ltr'><strong><em>αἰτίαις</em></strong></span> <span class='ocrx_word' id='word_1_89' title='bbox 570 1457 716 1537; x_wconf 75' lang='grc' dir='ltr'><strong><em>αἰσχραῖς</em></strong></span> <span class='ocrx_word' id='word_1_90' title='bbox 728 1452 920 1538; x_wconf 87' lang='grc' dir='ltr'><strong><em>ἑαλωκότος,</em></strong></span> <span class='ocrx_word' id='word_1_91' title='bbox 932 1450 1119 1536; x_wconf 80' lang='grc' dir='ltr'><strong><em>φεύγουσιν</em></strong></span> 
     </span>
     <span class='ocr_line' id='line_1_14' title="bbox 166 1547 1119 1640; baseline 0 -24"><span class='ocrx_word' id='word_1_92' title='bbox 166 1554 214 1616; x_wconf 79' lang='grc' dir='ltr'><strong><em>ἔτι</em></strong></span> <span class='ocrx_word' id='word_1_93' title='bbox 235 1547 363 1636; x_wconf 77' lang='grc' dir='ltr'><strong><em>νήπιοι,</em></strong></span> <span class='ocrx_word' id='word_1_94' title='bbox 385 1552 441 1618; x_wconf 84' lang='grc' dir='ltr'><strong><em>καί</em></strong></span> <span class='ocrx_word' id='word_1_95' title='bbox 461 1553 639 1639; x_wconf 77' lang='grc' dir='ltr'><strong><em>τρέφονται</em></strong></span> <span class='ocrx_word' id='word_1_96' title='bbox 659 1556 794 1638; x_wconf 82' lang='grc' dir='ltr'><strong><em>πένητες</em></strong></span> <span class='ocrx_word' id='word_1_97' title='bbox 815 1554 852 1619; x_wconf 81' lang='grc' dir='ltr'><strong><em>ἐν</em></strong></span> <span class='ocrx_word' id='word_1_98' title='bbox 873 1555 989 1640; x_wconf 77' lang='grc' dir='ltr'><strong><em>ἐρημίη</em></strong></span> <span class='ocrx_word' id='word_1_99' title='bbox 1011 1551 1119 1618; x_wconf 83' lang='grc' dir='ltr'><strong><em>τεκαὶ</em></strong></span> 
     </span>
     <span class='ocr_line' id='line_1_15' title="bbox 113 1649 1189 1739; baseline -0.002 -23"><span class='ocrx_word' id='word_1_100' title='bbox 113 1675 152 1729; x_wconf 81' lang='lat'><strong><em>14</em></strong></span> <span class='ocrx_word' id='word_1_101' title='bbox 167 1657 261 1736; x_wconf 80' lang='grc' dir='ltr'><strong><em>φυγή</em></strong></span> <span class='ocrx_word' id='word_1_102' title='bbox 277 1649 423 1739; x_wconf 73' lang='grc' dir='ltr'><strong><em>πατρῴᾳ.</em></strong></span> <span class='ocrx_word' id='word_1_103' title='bbox 446 1651 502 1718; x_wconf 81' lang='grc' dir='ltr'><strong><em>καὶ</em></strong></span> <span class='ocrx_word' id='word_1_104' title='bbox 518 1653 592 1737; x_wconf 81' lang='grc' dir='ltr'><strong><em>περὶ</em></strong></span> <span class='ocrx_word' id='word_1_105' title='bbox 610 1649 672 1735; x_wconf 84' lang='grc' dir='ltr'><strong><em>μὲν</em></strong></span> <span class='ocrx_word' id='word_1_106' title='bbox 688 1659 756 1718; x_wconf 87' lang='grc' dir='ltr'><strong><em>τῶν</em></strong></span> <span class='ocrx_word' id='word_1_107' title='bbox 772 1649 974 1736; x_wconf 82' lang='grc' dir='ltr'><strong><em>Λυκούργου</em></strong></span> <span class='ocrx_word' id='word_1_108' title='bbox 991 1652 1120 1717; x_wconf 89' lang='grc' dir='ltr'><strong><em>παίδων</em></strong></span> <span class='ocrx_word' id='word_1_109' title='bbox 1135 1659 1189 1716; x_wconf 81' lang='grc'><strong><em>700</em></strong></span> 
     </span>
     <span class='ocr_line' id='line_1_16' title="bbox 165 1745 1119 1837; baseline -0.001 -21"><span class='ocrx_word' id='word_1_110' title='bbox 165 1751 389 1836; x_wconf 79' lang='grc' dir='ltr'><strong><em>Δημοσθένης</em></strong></span> <span class='ocrx_word' id='word_1_111' title='bbox 401 1745 482 1834; x_wconf 77' lang='grc' dir='ltr'><strong><em>ύμῖν</em></strong></span> <span class='ocrx_word' id='word_1_112' title='bbox 498 1750 692 1837; x_wconf 79' lang='grc' dir='ltr'><strong><em>ἐπιστέλλει,</em></strong></span> <span class='ocrx_word' id='word_1_113' title='bbox 715 1751 769 1818; x_wconf 81' lang='grc' dir='ltr'><strong><em>καί</em></strong></span> <span class='ocrx_word' id='word_1_114' title='bbox 781 1755 883 1818; x_wconf 80' lang='grc' dir='ltr'><strong><em>δεῖται</em></strong></span> <span class='ocrx_word' id='word_1_115' title='bbox 895 1757 1004 1828; x_wconf 89' lang='grc' dir='ltr'><strong><em>καλῶς</em></strong></span> <span class='ocrx_word' id='word_1_116' title='bbox 1013 1757 1119 1816; x_wconf 88' lang='grc' dir='ltr'><strong><em>ποιῶν</em></strong></span> 
     </span>
     <span class='ocr_line' id='line_1_17' title="bbox 166 1842 1119 1935; baseline 0.002 -23"><span class='ocrx_word' id='word_1_117' title='bbox 166 1852 367 1932; x_wconf 89' lang='grc' dir='ltr'><strong><em>χαρίσασθαι</em></strong></span> <span class='ocrx_word' id='word_1_118' title='bbox 382 1842 420 1912; x_wconf 84' lang='grc' dir='ltr'><strong><em>τό</em></strong></span> <span class='ocrx_word' id='word_1_119' title='bbox 435 1855 591 1935; x_wconf 77' lang='grc' dir='ltr'><strong><em>πατρῷον</em></strong></span> <span class='ocrx_word' id='word_1_120' title='bbox 602 1843 715 1926; x_wconf 86' lang='grc' dir='ltr'><strong><em>αύτοϊς</em></strong></span> <span class='ocrx_word' id='word_1_121' title='bbox 725 1845 876 1933; x_wconf 83' lang='grc' dir='ltr'><strong><em>ὄφλημα,</em></strong></span> <span class='ocrx_word' id='word_1_122' title='bbox 887 1848 943 1913; x_wconf 82' lang='grc' dir='ltr'><strong><em>καὶ</em></strong></span> <span class='ocrx_word' id='word_1_123' title='bbox 953 1844 1048 1932; x_wconf 87' lang='grc' dir='ltr'><strong><em>ύμείς</em></strong></span> <span class='ocrx_word' id='word_1_124' title='bbox 1058 1845 1119 1914; x_wconf 91' lang='grc' dir='ltr'><strong><em>ού-</em></strong></span> 
     </span>
     <span class='ocr_line' id='line_1_18' title="bbox 168 1939 1119 2033; baseline 0.003 -21"><span class='ocrx_word' id='word_1_125' title='bbox 168 1945 225 2013; x_wconf 80' lang='grc' dir='ltr'><strong><em>δὲν</em></strong></span> <span class='ocrx_word' id='word_1_126' title='bbox 243 1942 315 2013; x_wconf 73' lang='grc' dir='ltr'><strong><em>ἀλλ’</em></strong></span> <span class='ocrx_word' id='word_1_127' title='bbox 333 1939 557 2032; x_wconf 80' lang='grc' dir='ltr'><strong><em>ήἈθηναίων</em></strong></span> <span class='ocrx_word' id='word_1_128' title='bbox 573 1951 687 2032; x_wconf 78' lang='grc' dir='ltr'><strong><em>ἔργον,</em></strong></span> <span class='ocrx_word' id='word_1_129' title='bbox 710 1945 902 2033; x_wconf 80' lang='grc' dir='ltr'><strong><em>ἐλεήσαντες</em></strong></span> <span class='ocrx_word' id='word_1_130' title='bbox 924 1943 1047 2026; x_wconf 85' lang='grc' dir='ltr'><strong><em>αύτούς</em></strong></span> <span class='ocrx_word' id='word_1_131' title='bbox 1064 1947 1119 2015; x_wconf 82' lang='grc' dir='ltr'><strong><em>καὶ</em></strong></span> 
     </span>
     <span class='ocr_line' id='line_1_19' title="bbox 167 2041 1119 2134; baseline 0.004 -25"><span class='ocrx_word' id='word_1_132' title='bbox 167 2041 391 2128; x_wconf 78' lang='grc' dir='ltr'><strong><em>χαρισάμενοι,</em></strong></span> <span class='ocrx_word' id='word_1_133' title='bbox 409 2043 597 2131; x_wconf 79' lang='grc' dir='ltr'><strong><em>ἐποιήσατε·</em></strong></span> <span class='ocrx_word' id='word_1_134' title='bbox 620 2046 676 2113; x_wconf 81' lang='grc' dir='ltr'><strong><em>καὶ</em></strong></span> <span class='ocrx_word' id='word_1_135' title='bbox 699 2042 764 2130; x_wconf 75' lang='grc' dir='ltr'><strong><em>γὰρ</em></strong></span> <span class='ocrx_word' id='word_1_136' title='bbox 784 2042 975 2131; x_wconf 78' lang='grc' dir='ltr'><strong><em>ὀργίζεσθαι</em></strong></span> <span class='ocrx_word' id='word_1_137' title='bbox 997 2047 1119 2134; x_wconf 72' lang='grc' dir='ltr'><strong><em>ῥηιδίως</em></strong></span> 
     </span>
     <span class='ocr_line' id='line_1_20' title="bbox 112 2139 1119 2231; baseline 0.004 -23"><span class='ocrx_word' id='word_1_138' title='bbox 112 2163 148 2216; x_wconf 82' lang='grc'><strong><em>15</em></strong></span> <span class='ocrx_word' id='word_1_139' title='bbox 168 2139 249 2227; x_wconf 78' lang='grc' dir='ltr'><strong><em>ύμῖν</em></strong></span> <span class='ocrx_word' id='word_1_140' title='bbox 260 2148 340 2222; x_wconf 82' lang='grc' dir='ltr'><strong><em>ἔθος</em></strong></span> <span class='ocrx_word' id='word_1_141' title='bbox 351 2145 419 2211; x_wconf 76' lang='grc' dir='ltr'><strong><em>ἐστὶ</em></strong></span> <span class='ocrx_word' id='word_1_142' title='bbox 429 2145 484 2212; x_wconf 86' lang='grc' dir='ltr'><strong><em>καὶ</em></strong></span> <span class='ocrx_word' id='word_1_143' title='bbox 494 2150 685 2231; x_wconf 75' lang='grc' dir='ltr'><strong><em>χαρίζεσθαι</em></strong></span> <span class='ocrx_word' id='word_1_144' title='bbox 695 2145 812 2214; x_wconf 82' lang='grc' dir='ltr'><strong><em>πόλιν·</em></strong></span> <span class='ocrx_word' id='word_1_145' title='bbox 830 2141 895 2231; x_wconf 79' lang='grc' dir='ltr'><strong><em>ἐγύ</em></strong></span> <span class='ocrx_word' id='word_1_146' title='bbox 909 2147 944 2213; x_wconf 82' lang='grc' dir='ltr'><strong><em>δὲ</em></strong></span> <span class='ocrx_word' id='word_1_147' title='bbox 955 2141 1040 2231; x_wconf 76' lang='grc' dir='ltr'><strong><em>ὑπὲρ</em></strong></span> <span class='ocrx_word' id='word_1_148' title='bbox 1050 2153 1119 2213; x_wconf 87' lang='grc' dir='ltr'><strong><em>τῶν</em></strong></span> 
     </span>
     <span class='ocr_line' id='line_1_21' title="bbox 167 2239 1116 2333; baseline 0.002 -23"><span class='ocrx_word' id='word_1_149' title='bbox 167 2245 314 2328; x_wconf 82' lang='grc' dir='ltr'><strong><em>ἐμαυτοῦ</em></strong></span> <span class='ocrx_word' id='word_1_150' title='bbox 330 2247 458 2311; x_wconf 88' lang='grc' dir='ltr'><strong><em>παίδων</em></strong></span> <span class='ocrx_word' id='word_1_151' title='bbox 475 2239 537 2313; x_wconf 88' lang='grc' dir='ltr'><strong><em>ούκ</em></strong></span> <span class='ocrx_word' id='word_1_152' title='bbox 554 2240 599 2313; x_wconf 75' lang='grc' dir='ltr'><strong><em>όν</em></strong></span> <span class='ocrx_word' id='word_1_153' title='bbox 614 2243 701 2332; x_wconf 85' lang='grc' dir='ltr'><strong><em>ύμοῐς</em></strong></span> <span class='ocrx_word' id='word_1_154' title='bbox 716 2244 860 2333; x_wconf 86' lang='grc' dir='ltr'><strong><em>πείσαιμ’</em></strong></span> <span class='ocrx_word' id='word_1_155' title='bbox 884 2245 927 2314; x_wconf 78' lang='grc' dir='ltr'><strong><em>όν</em></strong></span> <span class='ocrx_word' id='word_1_156' title='bbox 948 2245 1116 2332; x_wconf 88' lang='grc' dir='ltr'><strong><em>δεόμενος,</em></strong></span> 
     </span>
     <span class='ocr_line' id='line_1_22' title="bbox 168 2339 1117 2434; baseline 0.001 -26"><span class='ocrx_word' id='word_1_157' title='bbox 168 2339 213 2419; x_wconf 82' lang='grc' dir='ltr'><strong><em>ῶς</em></strong></span> <span class='ocrx_word' id='word_1_158' title='bbox 225 2340 270 2427; x_wconf 88' lang='grc' dir='ltr'><strong><em>μή</em></strong></span> <span class='ocrx_word' id='word_1_159' title='bbox 281 2367 338 2427; x_wconf 89' lang='grc' dir='ltr'><strong><em>μοι</em></strong></span> <span class='ocrx_word' id='word_1_160' title='bbox 347 2339 391 2428; x_wconf 84' lang='grc' dir='ltr'><strong><em>μή</em></strong></span> <span class='ocrx_word' id='word_1_161' title='bbox 403 2341 510 2428; x_wconf 85' lang='grc' dir='ltr'><strong><em>μόνον</em></strong></span> <span class='ocrx_word' id='word_1_162' title='bbox 520 2345 557 2411; x_wconf 80' lang='grc' dir='ltr'><strong><em>ἐν</em></strong></span> <span class='ocrx_word' id='word_1_163' title='bbox 567 2341 713 2434; x_wconf 83' lang='grc' dir='ltr'><strong><em>ὀρφανίᾳ</em></strong></span> <span class='ocrx_word' id='word_1_164' title='bbox 726 2352 909 2430; x_wconf 87' lang='grc' dir='ltr'><strong><em>τραφῶσιν,</em></strong></span> <span class='ocrx_word' id='word_1_165' title='bbox 922 2340 993 2411; x_wconf 78' lang='grc' dir='ltr'><strong><em>ἀλλ’</em></strong></span> <span class='ocrx_word' id='word_1_166' title='bbox 1008 2341 1117 2430; x_wconf 88' lang='grc' dir='ltr'><strong><em>όρφα-</em></strong></span> 
     </span>
     <span class='ocr_line' id='line_1_23' title="bbox 166 2437 1118 2528; baseline -0.001 -21"><span class='ocrx_word' id='word_1_167' title='bbox 166 2441 220 2509; x_wconf 81' lang='grc' dir='ltr'><strong><em>νοὶ</em></strong></span> <span class='ocrx_word' id='word_1_168' title='bbox 231 2437 299 2526; x_wconf 76' lang='grc' dir='ltr'><strong><em>ἅμα</em></strong></span> <span class='ocrx_word' id='word_1_169' title='bbox 310 2441 365 2508; x_wconf 86' lang='grc' dir='ltr'><strong><em>καί</em></strong></span> <span class='ocrx_word' id='word_1_170' title='bbox 377 2442 526 2526; x_wconf 76' lang='grc' dir='ltr'><strong><em>φυγάδες</em></strong></span> <span class='ocrx_word' id='word_1_171' title='bbox 544 2440 653 2527; x_wconf 80' lang='grc' dir='ltr'><strong><em>ὄντες,</em></strong></span> <span class='ocrx_word' id='word_1_172' title='bbox 677 2441 754 2508; x_wconf 87' lang='grc' dir='ltr'><strong><em>ούτε</em></strong></span> <span class='ocrx_word' id='word_1_173' title='bbox 771 2440 989 2528; x_wconf 75' lang='grc' dir='ltr'><strong><em>ἀδικήσαντες</em></strong></span> <span class='ocrx_word' id='word_1_174' title='bbox 1003 2444 1118 2520; x_wconf 77' lang='grc' dir='ltr'><strong><em>παῖδες</em></strong></span> 
     </span>
     <span class='ocr_line' id='line_1_24' title="bbox 167 2535 1118 2628; baseline -0.002 -20"><span class='ocrx_word' id='word_1_175' title='bbox 167 2537 276 2626; x_wconf 85' lang='grc' dir='ltr'><strong><em>ὄντες,</em></strong></span> <span class='ocrx_word' id='word_1_176' title='bbox 304 2535 380 2607; x_wconf 77' lang='grc' dir='ltr'><strong><em>ἀλλ’</em></strong></span> <span class='ocrx_word' id='word_1_177' title='bbox 404 2537 482 2609; x_wconf 73' lang='grc' dir='ltr'><strong><em>οὐδὲ</em></strong></span> <span class='ocrx_word' id='word_1_178' title='bbox 503 2539 610 2620; x_wconf 72' lang='grc' dir='ltr'><strong><em>ἄλλως</em></strong></span> <span class='ocrx_word' id='word_1_179' title='bbox 631 2540 825 2626; x_wconf 85' lang='grc' dir='ltr'><strong><em>ἑαλωκότες,</em></strong></span> <span class='ocrx_word' id='word_1_180' title='bbox 852 2539 892 2608; x_wconf 83' lang='grc' dir='ltr'><strong><em>τοὶ</em></strong></span> <span class='ocrx_word' id='word_1_181' title='bbox 916 2547 1029 2628; x_wconf 84' lang='grc' dir='ltr'><strong><em>μέντοι</em></strong></span> <span class='ocrx_word' id='word_1_182' title='bbox 1049 2548 1118 2608; x_wconf 86' lang='grc' dir='ltr'><strong><em>τῶν</em></strong></span> 
     </span>
     <span class='ocr_line' id='line_1_25' title="bbox 167 2637 1118 2731; baseline -0.002 -23"><span class='ocrx_word' id='word_1_183' title='bbox 167 2637 361 2708; x_wconf 82' lang='grc' dir='ltr'><strong><em>ἑαλωκότων</em></strong></span> <span class='ocrx_word' id='word_1_184' title='bbox 388 2640 497 2708; x_wconf 80' lang='grc' dir='ltr'><strong><em>πάντα</em></strong></span> <span class='ocrx_word' id='word_1_185' title='bbox 518 2639 739 2731; x_wconf 81' lang='grc' dir='ltr'><strong><em>πεπονθότες;</em></strong></span> <span class='ocrx_word' id='word_1_186' title='bbox 773 2638 841 2708; x_wconf 77' lang='grc' dir='ltr'><strong><em>εἶτα</em></strong></span> <span class='ocrx_word' id='word_1_187' title='bbox 861 2637 1118 2724; x_wconf 90' lang='grc' dir='ltr'><strong><em>τελευτήσαντος</em></strong></span> 
     </span>
     <span class='ocr_line' id='line_1_26' title="bbox 166 2734 1119 2825; baseline -0.002 -21"><span class='ocrx_word' id='word_1_188' title='bbox 166 2734 405 2824; x_wconf 81' lang='grc' dir='ltr'><strong><em>ύναμυήσθητὲ</em></strong></span> <span class='ocrx_word' id='word_1_189' title='bbox 424 2765 506 2825; x_wconf 89' lang='grc' dir='ltr'><strong><em>μου,</em></strong></span> <span class='ocrx_word' id='word_1_190' title='bbox 528 2740 583 2808; x_wconf 84' lang='grc' dir='ltr'><strong><em>καὶ</em></strong></span> <span class='ocrx_word' id='word_1_191' title='bbox 603 2745 786 2824; x_wconf 85' lang='grc' dir='ltr'><strong><em>χαρίσασθε</em></strong></span> <span class='ocrx_word' id='word_1_192' title='bbox 808 2735 866 2818; x_wconf 76' lang='grc' dir='ltr'><strong><em>τοὶς</em></strong></span> <span class='ocrx_word' id='word_1_193' title='bbox 888 2736 1030 2823; x_wconf 87' lang='grc' dir='ltr'><strong><em>δεήσεις,</em></strong></span> <span class='ocrx_word' id='word_1_194' title='bbox 1053 2742 1119 2802; x_wconf 89' lang='grc' dir='ltr'><strong><em>νῦν</em></strong></span> 
     </span>
     <span class='ocr_line' id='line_1_27' title="bbox 166 2833 1119 2927; baseline -0.002 -22"><span class='ocrx_word' id='word_1_195' title='bbox 166 2839 382 2924; x_wconf 82' lang='grc' dir='ltr'><strong><em>προσέχοντες</em></strong></span> <span class='ocrx_word' id='word_1_196' title='bbox 401 2834 489 2927; x_wconf 75' lang='grc' dir='ltr'><strong><em>ἡμῖν.</em></strong></span> <span class='ocrx_word' id='word_1_197' title='bbox 513 2835 597 2906; x_wconf 76' lang='grc' dir='ltr'><strong><em>ἀλλὰ</em></strong></span> <span class='ocrx_word' id='word_1_198' title='bbox 619 2841 674 2907; x_wconf 83' lang='grc' dir='ltr'><strong><em>καὶ</em></strong></span> <span class='ocrx_word' id='word_1_199' title='bbox 695 2839 854 2924; x_wconf 81' lang='grc' dir='ltr'><strong><em>πρύξατε,</em></strong></span> <span class='ocrx_word' id='word_1_200' title='bbox 879 2836 1000 2922; x_wconf 76' lang='grc' dir='ltr'><strong><em>ἄνδρες</em></strong></span> <span class='ocrx_word' id='word_1_201' title='bbox 1018 2833 1119 2921; x_wconf 86' lang='grc' dir='ltr'><strong><em>Ἀθη-</em></strong></span> 
     </span>
     <span class='ocr_line' id='line_1_28' title="bbox 165 2935 1118 3025; baseline -0.002 -23"><span class='ocrx_word' id='word_1_202' title='bbox 165 2949 271 3020; x_wconf 80' lang='grc' dir='ltr'><strong><em>ναίοι,</em></strong></span> <span class='ocrx_word' id='word_1_203' title='bbox 294 2938 351 3007; x_wconf 84' lang='grc' dir='ltr'><strong><em>καὶ</em></strong></span> <span class='ocrx_word' id='word_1_204' title='bbox 371 2944 545 3025; x_wconf 83' lang='grc' dir='ltr'><strong><em>πείσθητε,</em></strong></span> <span class='ocrx_word' id='word_1_205' title='bbox 571 2935 611 3005; x_wconf 76' lang='grc' dir='ltr'><strong><em>τοὶ</em></strong></span> <span class='ocrx_word' id='word_1_206' title='bbox 637 2938 771 3025; x_wconf 88' lang='grc' dir='ltr'><strong><em>συνήθη</em></strong></span> <span class='ocrx_word' id='word_1_207' title='bbox 796 2935 908 3016; x_wconf 79' lang='grc' dir='ltr'><strong><em>αὑτοῖς</em></strong></span> <span class='ocrx_word' id='word_1_208' title='bbox 928 2938 983 3004; x_wconf 84' lang='grc' dir='ltr'><strong><em>καὶ</em></strong></span> <span class='ocrx_word' id='word_1_209' title='bbox 1005 2939 1118 3021; x_wconf 82' lang='grc' dir='ltr'><strong><em>μέτρια</em></strong></span> 
     </span>
     <span class='ocr_line' id='line_1_29' title="bbox 118 3033 1186 3123; baseline 0.004 -24"><span class='ocrx_word' id='word_1_210' title='bbox 118 3055 151 3112; x_wconf 73' lang='lat'><strong><em>16</em></strong></span> <span class='ocrx_word' id='word_1_211' title='bbox 165 3041 346 3114; x_wconf 80' lang='grc' dir='ltr'><strong><em>ποιοῦντες.</em></strong></span> <span class='ocrx_word' id='word_1_212' title='bbox 370 3035 412 3104; x_wconf 82' lang='grc' dir='ltr'><strong><em>οὐ</em></strong></span> <span class='ocrx_word' id='word_1_213' title='bbox 427 3034 491 3123; x_wconf 78' lang='grc' dir='ltr'><strong><em>γαρ</em></strong></span> <span class='ocrx_word' id='word_1_214' title='bbox 509 3033 552 3122; x_wconf 77' lang='grc' dir='ltr'><strong><em>δν</em></strong></span> <span class='ocrx_word' id='word_1_215' title='bbox 569 3034 609 3122; x_wconf 86' lang='grc' dir='ltr'><strong><em>δή</em></strong></span> <span class='ocrx_word' id='word_1_216' title='bbox 625 3044 693 3105; x_wconf 89' lang='grc' dir='ltr'><strong><em>τῶν</em></strong></span> <span class='ocrx_word' id='word_1_217' title='bbox 707 3037 841 3122; x_wconf 89' lang='grc' dir='ltr'><strong><em>τρόπων</em></strong></span> <span class='ocrx_word' id='word_1_218' title='bbox 858 3033 1054 3120; x_wconf 83' lang='grc' dir='ltr'><strong><em>α’ποσταίητε</em></strong></span> <span class='ocrx_word' id='word_1_219' title='bbox 1064 3035 1120 3100; x_wconf 83' lang='grc' dir='ltr'><strong><em>καὶ</em></strong></span> <span class='ocrx_word' id='word_1_220' title='bbox 1137 3047 1186 3103; x_wconf 81' lang='grc'><strong><em>701</em></strong></span> 
     </span>
     <span class='ocr_line' id='line_1_30' title="bbox 164 3132 1119 3222; baseline -0.002 -22"><span class='ocrx_word' id='word_1_221' title='bbox 164 3132 382 3202; x_wconf 80' lang='grc' dir='ltr'><strong><em>κατειλύσαντε</em></strong></span> <span class='ocrx_word' id='word_1_222' title='bbox 393 3133 456 3221; x_wconf 86' lang='grc' dir='ltr'><strong><em>τήν</em></strong></span> <span class='ocrx_word' id='word_1_223' title='bbox 466 3143 523 3222; x_wconf 87' lang='grc' dir='ltr'><strong><em>τής</em></strong></span> <span class='ocrx_word' id='word_1_224' title='bbox 533 3135 661 3214; x_wconf 87' lang='grc' dir='ltr'><strong><em>πόλεως</em></strong></span> <span class='ocrx_word' id='word_1_225' title='bbox 670 3139 790 3218; x_wconf 79' lang='grc' dir='ltr'><strong><em>δόξαν,</em></strong></span> <span class='ocrx_word' id='word_1_226' title='bbox 802 3132 844 3220; x_wconf 84' lang='grc' dir='ltr'><strong><em>ήν</em></strong></span> <span class='ocrx_word' id='word_1_227' title='bbox 856 3135 909 3202; x_wconf 78' lang='grc' dir='ltr'><strong><em>ἐπὶ</em></strong></span> <span class='ocrx_word' id='word_1_228' title='bbox 925 3133 1119 3220; x_wconf 80' lang='grc' dir='ltr'><strong><em>χρηστότητι</em></strong></span> 
     </span>
     <span class='ocr_line' id='line_1_31' title="bbox 163 3229 1120 3323; baseline -0.003 -23"><span class='ocrx_word' id='word_1_229' title='bbox 163 3237 260 3317; x_wconf 80' lang='grc' dir='ltr'><strong><em>μείζω</em></strong></span> <span class='ocrx_word' id='word_1_230' title='bbox 283 3235 338 3300; x_wconf 82' lang='grc' dir='ltr'><strong><em>καὶ</em></strong></span> <span class='ocrx_word' id='word_1_231' title='bbox 355 3241 596 3323; x_wconf 75' lang='grc' dir='ltr'><strong><em>φιλανθρωπίᾳ</em></strong></span> <span class='ocrx_word' id='word_1_232' title='bbox 614 3232 667 3301; x_wconf 79' lang='grc' dir='ltr'><strong><em>διδ</em></strong></span> <span class='ocrx_word' id='word_1_233' title='bbox 689 3231 812 3313; x_wconf 85' lang='grc' dir='ltr'><strong><em>παντὸς</em></strong></span> <span class='ocrx_word' id='word_1_234' title='bbox 828 3239 923 3318; x_wconf 86' lang='grc' dir='ltr'><strong><em>ἑσχεν</em></strong></span> <span class='ocrx_word' id='word_1_235' title='bbox 939 3229 961 3319; x_wconf 87' lang='grc' dir='ltr'><strong><em>ή</em></strong></span> <span class='ocrx_word' id='word_1_236' title='bbox 978 3245 1048 3310; x_wconf 83' lang='grc' dir='ltr'><strong><em>ταῖς</em></strong></span> <span class='ocrx_word' id='word_1_237' title='bbox 1058 3229 1120 3298; x_wconf 85' lang='grc' dir='ltr'><strong><em>ύλ-</em></strong></span> 
     </span>
     <span class='ocr_line' id='line_1_32' title="bbox 162 3327 1119 3417; baseline -0.002 -19"><span class='ocrx_word' id='word_1_238' title='bbox 162 3339 235 3410; x_wconf 88' lang='grc' dir='ltr'><strong><em>λαις</em></strong></span> <span class='ocrx_word' id='word_1_239' title='bbox 255 3327 416 3417; x_wconf 84' lang='grc' dir='ltr'><strong><em>πύσαιςή</em></strong></span> <span class='ocrx_word' id='word_1_240' title='bbox 441 3331 543 3412; x_wconf 92' lang='grc' dir='ltr'><strong><em>πόλις.</em></strong></span> <span class='ocrx_word' id='word_1_241' title='bbox 577 3329 650 3399; x_wconf 81' lang='grc' dir='ltr'><strong><em>οὐδ’</em></strong></span> <span class='ocrx_word' id='word_1_242' title='bbox 674 3327 718 3399; x_wconf 77' lang='grc' dir='ltr'><strong><em>οἲν</em></strong></span> <span class='ocrx_word' id='word_1_243' title='bbox 742 3331 954 3408; x_wconf 84' lang='grc' dir='ltr'><strong><em>Μελάνωπος</em></strong></span> <span class='ocrx_word' id='word_1_244' title='bbox 976 3327 1119 3414; x_wconf 89' lang='grc' dir='ltr'><strong><em>ίσχύσειε</em></strong></span> 
     </span>
     <span class='ocr_line' id='line_1_33' title="bbox 162 3425 1120 3518; baseline -0.001 -21"><span class='ocrx_word' id='word_1_245' title='bbox 162 3435 278 3498; x_wconf 81' lang='grc' dir='ltr'><strong><em>πλείου</em></strong></span> <span class='ocrx_word' id='word_1_246' title='bbox 294 3429 436 3498; x_wconf 87' lang='grc' dir='ltr'><strong><em>κωλύων</em></strong></span> <span class='ocrx_word' id='word_1_247' title='bbox 458 3427 544 3518; x_wconf 77' lang='grc' dir='ltr'><strong><em>ὑμᾶς</em></strong></span> <span class='ocrx_word' id='word_1_248' title='bbox 567 3441 739 3518; x_wconf 76' lang='grc' dir='ltr'><strong><em>μιμεῖσθαι</em></strong></span> <span class='ocrx_word' id='word_1_249' title='bbox 755 3427 817 3518; x_wconf 86' lang='grc' dir='ltr'><strong><em>τήν</em></strong></span> <span class='ocrx_word' id='word_1_250' title='bbox 835 3434 963 3498; x_wconf 88' lang='grc' dir='ltr'><strong><em>ἑαυτῶν</em></strong></span> <span class='ocrx_word' id='word_1_251' title='bbox 978 3425 1120 3516; x_wconf 87' lang='grc' dir='ltr'><strong><em>χρηστό·</em></strong></span> 
     </span>
    </p>
   </div>
   <div class='ocr_carea' id='block_1_4' title="bbox 0 0 1248 3948">
    <p class='ocr_par' dir='ltr' id='par_1_4' title="bbox 0 0 1248 3948">
     <span class='ocr_line' id='line_1_34' title="bbox 0 0 1248 3948; baseline 0 0"><span class='ocrx_word' id='word_1_252' title='bbox 0 0 1248 3948; x_wconf 95' lang='lat' dir='ltr'><strong><em> </em></strong></span> 
     </span>
    </p>
   </div>
  </div>
 </body>
</html>
