2450 3950
158 277 199 342 14
504 277 760 336 Ammo?

159 437 324 522 πρότερον
345 439 381 504 έν
401 442 449 523 τῷ
472 435 563 522 λόγῳ
590 434 817 522 ἐπεμνήσθην.
849 439 971 505 ἐκεῖνοι
990 442 1051 525 μέν
1071 463 1109 524 γε

158 533 344 624 ᾐσχύνοντο
361 535 421 613 ἔξω
432 531 494 618 την
504 546 596 618 χεῖρα
607 536 736 617 ἔχοντες
752 536 878 620 λέγειν,
905 541 1065 622 Τίμαρχος
1074 535 1110 604 δέ

96 657 99 662 ’
160 629 275 700 οὑτοσὶ
291 629 334 700 ού
350 630 468 718 κόλαι,
488 628 574 700 ἀλλὰ
590 629 708 721 πρῴην
724 632 803 700 ποτὲ
821 637 919 720 ῥίψας
934 635 1112 722 θοίμάτιον

159 728 287 816 γυμνός
306 733 561 816 ἐπαγκρατίαζεν
581 732 619 798 ἐν
634 736 676 817 τῇ
694 733 867 820 ἐκκλησίᾳ,
895 732 985 802 οὕτω
1002 743 1113 814 κακῶς

162 831 217 896 καὶ
232 833 375 916 αίσχρεός
390 832 595 915 διακείμενος
610 828 648 896 τό
668 835 763 914 σῶμα
774 826 840 899 ὑπὸ
852 833 959 918 μέθης
968 834 1024 900 καὶ
1034 835 1114 919 βδε-
1219 855 1220 858 ’

163 932 295 1011 λνρίας,
317 924 400 996 ὥστε
417 926 495 1006 τούς
512 951 550 1012 γε
567 917 607 994 εὖ
623 934 833 1011 φρονοῦντας
850 929 1114 1014 ἐγκαλύψασθαι,

108 1035 144 1092 θλ
164 1028 404 1110 αἰσχυνθέντας
414 1023 499 1113 ὑπὲρ
508 1031 567 1111 τῆς
577 1024 721 1111 πόλεως,
744 1032 775 1094 εί
789 1027 951 1106 τοιούτοις
962 1029 1116 1115 συμβού-
1220 1101 1221 1106 1

163 1131 232 1202 λοις
243 1123 409 1210 χρύμεθα.
422 1121 444 1194 ἀ
453 1121 630 1192 συνιδάνό
641 1126 826 1210 νομοθέτης
837 1117 1021 1211 διαρρήδην
1033 1122 1117 1193 ἀττέ-
1134 1139 1162 1194 27
1220 1137 1221 1142 ’

166 1222 289 1307 δειξεν,
311 1216 371 1302 ούς
386 1219 450 1309 χρὴ
468 1225 668 1307 δημηγορεῖν
684 1223 740 1290 καί
757 1220 817 1302 οδς
831 1220 872 1290 ού
889 1226 943 1290 δελ
954 1225 1065 1308 λέγειν
1078 1225 1119 1290 ἐν

163 1328 212 1412 τῷ
229 1320 332 1411 δήμω.
355 1322 410 1389 καὶ
428 1317 491 1388 ούκ
501 1317 682 1388 ἀπελαύνει
693 1318 758 1388 ἀπό
772 1329 834 1390 τοῦ
844 1322 1003 1408 βήματος,
1027 1330 1061 1389 εί
1066 1347 1121 1400 τις

164 1421 209 1511 μη
232 1422 410 1510 προγόνων
426 1425 493 1489 ἐστὶ
515 1428 583 1489 τοῖν
603 1421 910 1508 ἐστρατηγηκότων,
933 1418 1013 1490 ούδέ
1028 1446 1068 1507 γε
1090 1428 1123 1490 εί

165 1527 283 1609 τέχνην
299 1519 372 1589 τινά
389 1521 555 1606 ἐργάζεται
573 1521 761 1605 ἐπικουρῶν
771 1528 813 1608 τῇ
821 1518 984 1610 ἀναγκαίη
994 1527 1122 1608 τροφῇ,

165 1617 249 1688 ἀλλά
261 1622 316 1688 καὶ
326 1619 466 1700 τούτους
472 1620 527 1687 καὶ
538 1618 679 1706 μάλιστα
688 1616 873 1706 ἀσπάζεται,
886 1621 940 1686 καί
952 1614 1004 1685 διά
1015 1623 1123 1685 τοῦτο

166 1712 324 1799 πολλάκις
355 1721 519 1808 ἐπερωτᾷ,
550 1724 598 1797 τίς
627 1714 803 1804 ἀγορεύειν
834 1717 996 1804 βούλεται.
1026 1720 1126 1794 τίνας
1142 1728 1174 1783 28

165 1813 1025 1908 δὀύκῷετοδείνλέγεινςτούςαίσχρύςβεβιωιιότᾱε·
1037 1813 1126 1882 τού·

167 1939 246 1996 τους
257 1912 320 1984 ούκ
332 1917 371 2006 ἐᾷ
382 1919 590 2003 δημηγορεινῖ
604 1916 661 1984 καί
671 1922 738 1983 ποῦ
748 1922 846 1982 τοῦτο
858 1919 955 2000 δηλοῖ
959 1941 967 1992 ;
977 1916 1126 1996 δοκιμα-

168 2022 241 2096 σία,
261 2017 359 2102 φησὶ,
371 2015 522 2104 ρητόρων
532 2039 539 2055 ·
551 2015 612 2083 ἐόν
625 2040 675 2094 τις
684 2016 763 2101 λέγη
773 2015 810 2081 έν
818 2018 865 2101 τῷ
876 2012 970 2102 δήμω
980 2009 1040 2078 τόν
1051 2033 1127 2078 πα-

169 2115 246 2194 τέρα
257 2113 392 2180 τύπτων
408 2109 503 2200 ἢτην
513 2117 653 2202 μητέρα,
670 2107 693 2200 ἦ
704 2109 747 2198 μὴ
759 2113 909 2197 τρέφων,
927 2105 1003 2197 ἧμὴ
1013 2110 1128 2191 καρέ-

170 2235 238 2296 χωυ
250 2219 395 2297 οἴκησιν·
418 2221 539 2282 τοῦτον
556 2211 619 2282 ούκ
630 2216 670 2302 ἐᾷ
681 2214 798 2297 λέγειν.
822 2209 940 2296 νηΔία
949 2215 1056 2286 καλῶς
1067 2233 1127 2294 γε,

173 2303 293 2393 όςέγεό
310 2334 404 2396 φημι.
428 2307 540 2392 διάτίς
562 2310 631 2397 ότι,
646 2322 679 2380 εί
684 2338 748 2396 τις,
760 2308 862 2391 ούςέξ
873 2319 949 2380 λσον
960 2314 1129 2394 δεῖτιμᾶυ

167 2415 353 2492 τοϊςθεοτς,
375 2413 422 2487 είς
432 2408 572 2488 τούτους
589 2411 657 2477 ἐστὶ
675 2417 818 2494 φαῦλος,
840 2414 874 2476 τί
887 2431 982 2492 ποτε,
1004 2405 1129 2492 φησὶν,

169 2507 228 2577 ὑπ’
245 2505 351 2576 αύτού
362 2512 531 2576 πείσονται
541 2512 575 2576 οἱ
584 2505 751 2594 ἀλλότριοι
762 2503 955 2593 καδὴπόλις
965 2502 1042 2590 ὅλης
1062 2507 1130 2572 καὶ

168 2615 234 2677 τίσι
245 2608 403 2692 δεύτερον
411 2605 529 2678 ἀπεῖπε
539 2607 583 2695 μή
592 2611 717 2693 λέγεινς
736 2601 827 2693 ἢτάς
837 2609 1014 2688 στρατείας,
1026 2603 1130 2687 φησί,
1150 2617 1181 2676 29

171 2705 215 2794 μὴ
226 2708 494 2794 ἐστρατευμένος,
508 2705 584 2777 ὅσαι
594 2701 639 2775 ἀν
648 2704 742 2796 αὐτῷ
752 2710 1016 2790 προσταχθῶσιν,
1027 2695 1133 2786 ἢτὴν

172 2800 296 2870 ἀσπίδα
307 2802 560 2891 ἀποβεβληκός,
583 2809 694 2874 δίκαια
705 2805 820 2888 λέγων.
843 2808 878 2871 τί
888 2799 929 2887 δή
946 2823 1039 2877 ποτε;
1059 2793 1132 2866 ἀυ-

120 2915 155 2970 55
173 2908 307 2981 θρωπε,
327 2906 368 2986 τῇ
384 2900 497 2985 πόλει,
518 2899 603 2987 ὑπὲρ
620 2892 660 2986 ἦς
675 2899 716 2967 τά
734 2898 821 2970 ὅπλα
832 2899 876 2986 μὴ
890 2905 1020 2966 τίθεσαι
1034 2890 1131 2983 ἦδιά

174 3000 299 3064 δειλίαν
314 2993 359 3082 μὴ
378 2996 521 3078 δυνατὸς
537 2997 566 3066 εί
581 3002 762 3085 ἐπαμῦναι,
784 2998 866 3086 μηδὲ
883 2993 1133 3084 συμβουλεύειν

174 3092 278 3176 ἀξίου.
300 3101 413 3182 τρίτον
423 3102 489 3165 τίσι
499 3099 698 3184 διαλέγεται;
719 3094 1033 3184 ἢκεπορνενμένος,
1056 3117 1132 3179 φη-

176 3189 672 3284 σίν,οἠ“ητατρηκεός·τόνγάρτδ
684 3189 1133 3283 σύματδέαντοῦέφ’ύβρετ

175 3294 366 3380 πεπρακότα
376 3298 432 3364 καί
442 3292 482 3364 τά
492 3292 589 3364 κοινοὶ
597 3292 637 3364 τά
647 3302 705 3381 τῆς
713 3293 840 3374 πόλεως
848 3295 969 3383 ῥᾳδίως
978 3289 1131 3378 ἡγήσατο

176 3391 419 3465 ἀποδώσεσθαι.
442 3395 598 3478 τέταρτον
609 3396 880 3481 τίσιδιαλέγεταις
893 3386 916 3479 ἦ
925 3388 966 3462 τά
976 3396 1128 3478 πατρῷα,
1147 3407 1180 3461 30

177 3491 275 3576 φησί,
294 3489 555 3580 κατεδηδοκάςῆ
566 3485 616 3561 τόν
626 3488 670 3560 ἀν
679 3491 885 3580 κληρονόμος
893 3491 1042 3578 γένηται·
1066 3487 1130 3556 τόν
