2474 3946
195 283 236 348 58
540 273 792 335 ΑΙΣΧΙΝΟΤ

196 445 251 514 καὶ
261 453 328 520 τοίς
341 441 560 524 δικαστηρίοις
572 430 729 508 πολλάκις
746 425 905 513 ἀφέμενοι
920 431 990 492 τῶν
1007 429 1055 504 είς
1068 418 1156 490 αάτδ

197 541 234 611 τό
246 548 381 627 πρᾶγμα
398 537 508 624 λόγων
524 530 590 600 ἀπό
608 536 666 617 τῆς
680 526 806 612 ἀπάτης
823 525 878 592 καί
888 530 957 590 τάν
967 520 1157 601 ἀλαζονευ-

198 639 313 727 μάτων
324 637 448 723 ἀγεσθε
486 635 542 701 καί
558 628 693 697 πάυτων
707 622 911 692 ἀδικώτατον
921 626 1002 699 ἔθος
1013 625 1062 698 είς
1074 615 1157 696 τούς

198 736 330 824 ἀγῶνας
347 734 589 821 παραδέχεσθε·
612 729 686 794 έάτε
695 721 759 810 γάρ
768 718 847 799 τούς
857 717 1157 803 ἀπολογουμένους

199 836 467 921 ἀντικατηγορεῖν
484 837 551 897 τῶν
567 820 853 910 κατηγορούντων.
876 815 1012 884 έπειδάν
1029 812 1066 882 δ’
1086 811 1153 881 ἀπό
1173 830 1210 886 179

199 941 257 1022 τῆς
268 933 447 1016 ἀπολογίας
458 925 695 1007 ἀποσπασθῆτε
709 920 764 987 καὶ
773 915 833 995 τάς
842 913 949 1000 ψυχάς
959 911 1014 998 ἐφ’
1027 913 1155 994 ἑτέρων

199 1037 359 1120 γένησθε,
382 1033 428 1106 είς
443 1027 555 1111 λήθην
566 1017 761 1107 ἐμπεσόντες
771 1024 831 1103 τῆς
841 1019 1039 1100 κατηγορίας
1064 1014 1155 1094 ἐξέρ-

199 1127 297 1216 χεσθ’
309 1131 344 1195 ἐκ
354 1133 423 1194 τῶν
431 1125 650 1207 δικαστηρίων
659 1115 738 1185 οῦδὲ
747 1112 821 1201 παρ’
833 1115 947 1198 έτέρου
956 1114 1055 1196 δίκην
1065 1113 1153 1192 είλη-

204 1229 313 1314 φότες,
325 1225 402 1295 οὔτε
413 1219 502 1306 παρὰ
515 1225 576 1286 τοῦ
587 1213 790 1301 κατηγόρου,
802 1219 914 1297 ψῆφος
922 1205 989 1294 γάρ
1000 1203 1078 1274 κατ’
1090 1202 1153 1272 πά-

201 1334 263 1394 τοῦ
279 1322 321 1392 οά
339 1327 478 1404 δίδοται,
501 1314 577 1384 οῦτε
595 1310 684 1398 παρά
695 1317 756 1378 τοῦ
768 1305 1059 1392 ἀπολογουμένου,
1081 1315 1155 1380 ταῖς

136 1445 187 1502 173
202 1421 266 1510 γὰρ
284 1419 472 1506 ἀλλοτρίαις
488 1420 604 1490 αἰτίαις
620 1408 885 1498 ἀποτριῦάμενος
901 1403 941 1473 τά
958 1401 1154 1489 ὑπάρχοντα

204 1519 296 1610 αὐτῷ
313 1517 498 1604 ἐγκλήματα
516 1513 720 1595 ἐκπέφευγεν
737 1510 772 1574 έκ
788 1513 851 1574 τοῦ
868 1507 1101 1588 δικαστηρίου·
1124 1500 1155 1566 οί

204 1624 240 1686 δέ
257 1618 354 1703 νόμοι
368 1609 587 1680 καταλύονται
604 1603 693 1692 καὶὴ
711 1607 913 1690 δημοκρατία
923 1604 1153 1684 διαφθείρεται

203 1716 259 1784 καί
274 1711 311 1780 τό
330 1717 409 1790 ἔθος
427 1709 480 1778 έπί
498 1705 585 1776 ποί-ἀ
603 1709 790 1793 προβαίνει·
813 1701 955 1788 εάχεροδς
967 1699 1031 1786 γάρ
1046 1702 1150 1768 έυίυτε

206 1811 308 1898 λόγον
319 1808 401 1876 ἀνευ
412 1813 557 1895 χρηστοῦ
567 1811 643 1892 βίον
654 1805 887 1888 προσδέχεσθε.

286 1903 372 1975 Ἀλλ’
386 1903 428 1973 οά
437 1903 706 1990 Λακεδαιμόνιοι·
728 1899 833 1968 καλὸν
844 1896 875 1966 δ’
889 1900 956 1966 έστί
968 1899 1023 1967 καί
1034 1895 1093 1976 τάς
1103 1898 1153 1977 ξε·
1169 1909 1210 1966 10⁰

206 2005 301 2085 νικάς
317 2001 436 2089 ἀρετάς
450 2011 630 2090 μιμεῖσθαι.
653 2003 920 2084 δημηγοροῦντος
935 1995 1001 2081 γάρ
1017 2018 1106 2074 τινος
1118 1997 1153 2062 έν

206 2111 247 2190 τῇ
258 2111 326 2169 των
338 2103 611 2184 Λακεδαιμονίων
623 2100 794 2182 ἐκκλησία,
817 2090 938 2179 ἀνδρός
954 2091 1153 2180 βεβιωκότος

207 2201 269 2284 μὲν
289 2204 440 2281 αίσχρῦς,
462 2199 569 2281 λέγειν
591 2193 622 2263 δ’
642 2201 687 2273 είς
704 2189 894 2279 ὑπερβολὴν
915 2196 1077 2276 δυνατοῦ,
1099 2191 1153 2257 καὶ

207 2296 571 2378 τοόνΛακεδαιμονίωυ,
591 2291 634 2369 ὥς
645 2309 742 2376 φασι,
762 2286 843 2357 κατά
854 2288 914 2375 τήν
924 2291 1056 2370 ἐκείνου
1065 2287 1151 2372 γνω-

208 2420 274 2481 μην
287 2396 488 2480 ψηφίζεσθαι
498 2387 697 2473 μελλόντων,
709 2385 890 2472 παρελθόν
900 2413 948 2464 τις
958 2393 1027 2454 τῦν
1037 2384 1151 2470 γερόν

209 2517 292 2576 των,
314 2489 373 2570 οὓς
384 2492 503 2558 ἐκείνοι
513 2488 568 2554 καί
579 2483 792 2572 αἰσχύνονται
802 2487 857 2552 καί
867 2487 1008 2569 δεδίασι,
1029 2483 1151 2567 καίτὴν

208 2599 266 2675 τῆς
281 2587 409 2675 ἡλικίας
426 2583 538 2654 αὐτῶν
558 2586 748 2671 ἐπωνυμίαν
769 2580 875 2678 ἀρχὴν
895 2588 1051 2668 μεγίστην
1071 2579 1152 2648 είναι

210 2694 394 2774 νομίζουσι,
417 2690 595 2754 καθιστᾶσι
611 2679 643 2751 δ’
661 2679 783 2760 αὐτοὺς
800 2685 835 2748 έκ
851 2688 919 2748 τοῖν
935 2683 971 2748 έιι
983 2675 1098 2757 παιδός
1109 2682 1151 2756 είς

143 2816 194 2873 174
208 2797 312 2875 γῆρας
324 2785 528 2871 σωφρόνων,
545 2782 676 2848 τούτων
686 2777 747 2865 εἷς,
767 2776 810 2858 ὡς
819 2783 963 2865 λέγεται,
975 2773 1150 2861 παρελθόν

102 2899 109 2912 ’
212 2890 354 2969 ίσχυρῶς
370 2885 527 2967 ἐπέπληξε
544 2893 613 2958 τοίς
627 2883 914 2965 Λακεδαιμονίοις,
937 2881 997 2944 καί
1003 2899 1035 2942 τι
1044 2879 1150 2942 ποιοῦ·
1231 2900 1232 2964 η

210 3007 270 3051 τον
280 2977 353 3049 κατ’
367 2976 480 3046 αὐτῶν
495 2976 764 3065 ἐβλασφήμησεν,
790 2973 834 3054 ἀς
852 2972 893 3042 οῦ
909 2971 1019 3041 πολάν
1034 2972 1150 3058 χρόνον

210 3077 273 3165 τὴν
291 3074 452 3163 Σπάρτην
468 3073 661 3160 ἀπόρθητον
677 3073 849 3158 οἰκήσουσι
864 3070 1028 3149 τοιούτοις
1043 3072 1150 3144 ένταίς

212 3178 394 3262 ἐκκλησίαις
403 3171 607 3261 συμβούλοις
617 3171 788 3258 χρώμενοι.
801 3170 870 3257 ἀμα
880 3171 917 3238 δὲ
927 3169 1147 3252 παρακαλέσας
1166 3181 1208 3236 181
1231 3167 1232 3172 ’

213 3273 315 3344 ἀλλον
326 3273 400 3344 τιυά
412 3281 480 3342 τῶν
490 3275 772 3358 Λακεδαιμονίων,
788 3268 895 3354 ἀνδρα
908 3268 1014 3353 λέγειν
1024 3264 1083 3353 μὲν
1093 3261 1149 3330 οὐκ

214 3375 340 3461 εόφνῦ,
357 3375 397 3443 τό
411 3375 446 3444 δὲ
457 3372 541 3442 κατά
552 3370 698 3458 πόλεμον
708 3367 861 3456 λαμπρόν
872 3369 926 3437 καί
937 3365 1022 3451 πρός
1035 3371 1133 3433 δικαιο
1231 3367 1232 3380 ’

214 3473 323 3556 σόνην
333 3475 388 3539 καὶ
405 3472 599 3557 έγκράτειαν
610 3470 825 3554 διαφέροντα,
838 3468 991 3545 ἐπέταξεν
1003 3461 1088 3553 αὐτῷ
1098 3461 1150 3540 τάς
