2474 3946
308 289 429 348 HEPI
446 289 878 351 ΠΑΡΑΠΡΕΣΒΕΙΑΣ.
1020 289 1059 354 73

110 443 260 532 ἀρχαίοις
271 447 409 533 μύθοις,
435 444 509 517 ἀλλ’
521 444 575 533 ἐφ’
587 444 683 534 ἡμῶν
691 451 910 536 γεγενημένα,
931 448 1067 518 τούτων

54 550 95 605 32
112 543 339 632 ἐπεμνήσθην.
361 552 543 632 συμμαχίας
558 547 622 631 γὰρ
638 551 908 633 Λακεδαιμονίων
923 548 979 617 καὶ
991 555 1060 616 τοῖν

112 638 398 730 ἀλλωνἙλλήνων
409 643 654 730 συνελθούσης,
675 638 722 721 εἷς
739 636 786 711 όν
802 644 930 714 τούτων
938 642 1059 731 Ἀμύν-

110 767 171 821 τας
189 739 206 810 ὁ
226 747 394 813 Φιλίππου
412 742 518 831 πατὴρ
534 744 590 812 καλ
603 745 742 829 πέμπων
758 742 926 828 σύνεδρον
936 748 1058 832 καὶτῆς

110 838 197 908 καθ’
217 837 322 909 αὑτὸν
338 840 456 929 ψήφου
475 842 590 927 κύριος
606 836 654 912 ἀν
670 844 853 928 &wlfino
864 840 1058 930 Ἀμφίπολιν
1076 845 1124 907 21⁸¹

110 936 176 1025 τήν
184 935 371 1025 Ἀθηναίων
387 943 593 1027 συνεξαιρεῖν
608 938 688 1026 μετά
699 947 767 1008 τόν
778 936 1060 1025 ἀλλωνἙλλήνων

108 1033 304 1123 Ἀθηναίοις.
319 1039 374 1106 καί
384 1037 516 1108 τούτων
524 1035 562 1107 τό
574 1035 691 1106 κοινόν
701 1036 809 1124 δόγμα
818 1044 886 1106 τεόν
892 1034 1058 1124 Ἑλλήνων

107 1132 259 1214 καὶτοὺς
276 1139 526 1222 ψηφισαμένους
543 1139 664 1206 ἐκτῶν
681 1139 848 1224 δημοσίων
858 1137 1059 1224 γραμμάτων
1075 1149 1127 1205 218

56 1244 93 1298 σθ
110 1230 282 1319 μάρτυρας
298 1235 520 1322 παρεσχόμην.
541 1227 591 1304 οδυ
605 1234 641 1304 δέ
654 1232 815 1322 Ἀμύντας
831 1233 954 1322 ἀπέστη
965 1233 983 1304 ό
995 1243 1059 1304 Φι-

114 1335 243 1400 λίππου
258 1333 366 1420 πατὴρ
393 1337 545 1403 ἐναντίου
572 1341 642 1403 τῶν
657 1330 994 1419 Ἑλλήνωνόιπάντων
1015 1331 1057 1401 ού

110 1428 221 1514 μόνον
229 1430 358 1517 λόγοις,
370 1428 454 1500 ἀλλά
470 1432 524 1501 καὶ
534 1432 652 1523 ψήφῳ,
664 1432 810 1519 τούτων,
827 1437 913 1518 ἐφην
923 1429 1004 1517 ἐγά,
1021 1431 1058 1499 σὲ

108 1523 173 1592 τόν
192 1529 224 1606 ἐξ
246 1530 376 1596 ἐκείνου
399 1532 620 1617 γεγενημένον
641 1526 704 1598 ούκ
726 1534 795 1597 ἐστι
814 1533 943 1602 δίκαιον
964 1526 1057 1597 ἀντι-

107 1634 288 1692 ποιεῖσθαι.
311 1631 342 1695 εί
357 1623 390 1693 δ’
410 1623 661 1698 ἀντιποιεῖκατά
678 1628 824 1715 πόλεμον
837 1626 951 1718 λαβών
967 1626 1056 1710 εἰκό-

104 1745 174 1799 τως
180 1726 277 1805 ἐχειν,
286 1726 317 1788 εέ
324 1722 386 1807 μὲν
396 1721 574 1809 πρόςημᾶς
584 1723 771 1810 πολεμήσας
782 1725 986 1808 δοριάλωτον
995 1723 1058 1809 την
1073 1733 1125 1788 219

102 1821 212 1888 πόλιν
226 1813 325 1905 εἷλες,
346 1827 471 1905 κυρίως
487 1827 569 1906 ἔχεις
585 1830 632 1910 τῷ
647 1829 709 1890 τοῦ
719 1828 865 1908 πολέμου
874 1824 967 1911 νόμῳ
977 1849 1057 1908 κτη-

104 1917 267 2004 σάμενος·
290 1923 321 1986 εί
336 1915 368 1986 δ’
391 1918 624 2005 Ἀμφιπολίτας
639 1916 779 2004 ἀφείλου
795 1917 856 2006 τὴν
870 1917 1057 2008 Ἀθηναίων

104 2019 219 2103 πόλιν,
231 2014 274 2084 ού
283 2015 323 2084 τά
334 2020 471 2086 ἐκείνων
479 2022 569 2104 ἐχεις,
581 2014 663 2087 ἀλλά
674 2015 736 2104 την
742 2014 929 2104 Ἀθηναίων
935 2017 1057 2104 χάραν.

55 2125 90 2179 ῖλ
169 2113 371 2203 ΙῬηθέντων
384 2116 420 2184 δέ
435 2116 565 2185 τούτων
582 2118 637 2184 καὶ
653 2117 773 2202 ἑτέρων
788 2116 899 2202 λόγων
915 2115 978 2203 ἤδη
995 2141 1057 2185 κα-

109 2223 218 2302 θῆκεν
235 2220 282 2294 είς
296 2217 523 2302 Δημοσθένην
539 2212 576 2283 τό
596 2222 654 2302 τῆς
670 2221 845 2305 πρεσβείας
865 2217 980 2301 μέρος,
1001 2215 1058 2282 καὶ

109 2311 228 2392 πάντες
239 2327 414 2399 προσεῖχον
425 2311 470 2393 οἱς
478 2311 666 2401 ὑπερβολάς
673 2339 765 2394 τινας
771 2313 942 2400 δυνάμεως
953 2312 1057 2382 ἀκον-

111 2410 247 2497 σόμενοι
264 2412 390 2498 λόγων·
412 2416 467 2481 καὶ
484 2410 549 2499 γάρ
566 2414 649 2498 πρός
670 2411 775 2481 αὐτόν
795 2411 856 2482 τόν
877 2418 1055 2495 Φίλιππον,

109 2506 156 2589 ἀς
165 2502 208 2594 ἦν
218 2508 359 2596 ὕστερον
369 2509 522 2596 ἀκούειν,
539 2513 595 2579 καὶ
605 2510 689 2596 πρὸς
698 2509 777 2588 τούς
789 2511 939 2595 ἑταίρους
949 2503 1055 2574 αὐτοῦ

108 2605 335 2695 ἐξηγγέλθηὴ
365 2615 434 2676 τῶν
465 2611 669 2693 ἐπαγγελιῶν
696 2604 875 2692 ὑπερβολή.
909 2603 997 2675 οὕτω
1019 2604 1056 2673 δέ

108 2703 268 2774 ἁπάντων
284 2706 501 2791 διακειμένων
516 2701 601 2791 πρός
615 2702 677 2790 την
696 2700 858 2786 ἀκρόασιν
875 2702 1057 2786 φθέγγεται

107 2802 145 2873 τό
167 2811 291 2893 θηρίον
308 2809 407 2872 τοῦτο
430 2811 607 2889 προοίμιον
625 2799 797 2870 σκοτεινὸν
817 2801 873 2868 καί
893 2795 1056 2884 τεθνηκὸς

108 2906 230 2991 δειλία,
251 2905 306 2970 καί
325 2899 446 2988 μικρόν
464 2896 666 2988 προαγαγάν
681 2898 751 2968 ἀνω
768 2906 837 2969 τεόν
852 2899 1054 2988 πραγμάτων
1072 2913 1125 2969 θθο

106 3004 263 3088 ἐξαίφνης
274 3003 403 3088 ἐσίγησε
413 3004 467 3070 καί
479 2999 678 3088 διηπορήθη,
690 3006 852 3068 τελευτῶν
863 2999 899 3066 δέ
909 3000 1057 3064 ἐκπίπτει

59 3110 93 3166 ³5
108 3101 144 3167 έκ
159 3105 223 3167 τού
239 3099 351 3186 λόγον.
365 3097 456 3168 ίδόν
473 3099 510 3168 δὲ
527 3096 632 3169 αὐτόν
648 3095 841 3175 ὁΦίλιππος
851 3093 895 3174 ὥς
906 3097 1054 3181 διέκειτο,

106 3205 250 3284 θαρρεῖν
264 3223 300 3266 τε
316 3197 552 3284 παρεκελεύετο
570 3195 685 3284 καὶμὴ
702 3201 862 3282 νομίζειν,
887 3192 997 3281 ὥσπερ
1016 3197 1055 3262 ἐν

105 3310 174 3377 τοῖς
182 3294 354 3382 θεάτροις,
377 3296 432 3380 διὰ
442 3304 541 3365 τοῦτο
554 3300 688 3365 οῖεσθαί
693 3321 725 3362 τι
736 3293 956 3376 πεπονθέναι,
977 3288 1049 3358 ἀλλ’
1070 3298 1118 3353 221

105 3391 214 3484 ἡσυχῇ
228 3398 284 3464 καὶ
299 3392 384 3463 κατὰ
397 3392 519 3480 μικρὸν
534 3392 847 3480 ἀναμιμνήσκεσθαι
869 3389 924 3456 καὶ
945 3389 1053 3473 λέγειν

105 3489 150 3574 ἀς
161 3500 340 3579 προείλετο.
354 3490 372 3562 ὁ
386 3490 417 3560 δ’
431 3490 476 3572 ύς
488 3491 574 3572 ἀπαξ
587 3489 752 3576 ἐταράχθη
764 3489 819 3556 καὶ
829 3493 898 3554 τοῖν
907 3510 1053 3573 γεγραμ-
