2474 3946
186 268 229 334 60
536 267 793 326 ΑΙΣΧΙΝΟΤ

188 426 358 498 ἀναίδειαν
371 424 596 514 παρασχόντες
612 425 665 493 ἐπί
677 431 789 513 μισθῷ
805 421 841 492 τό
861 433 997 511 πρᾶγμα
1008 429 1058 504 είς
1070 423 1149 492 διά·
1228 491 1229 502 ,

189 549 307 612 πειραν
318 528 374 594 καί
384 525 486 612 λόγον
496 526 707 608 κατέστησαν.

262 619 393 690 Ἔπειθ’
414 625 449 688 οί
461 620 524 706 μὲν
539 622 674 704 πατέρες
690 614 786 704 ὑμῶν
803 615 891 686 οὕτω
908 621 985 706 περὶ
1002 625 1076 685 τῶν
1093 623 1152 684 αί-
1170 624 1206 677 lffi

189 727 300 806 σχροῖν
316 722 372 788 καὶ
387 727 501 788 καλῶν
524 722 775 802 διεγίγνωσκον,
797 713 890 804 ὑμεῖς
912 717 949 786 δ“ε
972 722 1151 802 Τίμαρχον

188 807 249 887 τόν
269 832 339 897 τοῖς
359 821 535 903 αἰσχίστοις
557 813 811 902 ἐπιτηδεύμασιν
833 818 949 899 ἔνοχον
976 811 1149 900 ἀφήσετες
1229 840 1230 910 ρ

190 913 250 984 τόν
271 915 379 999 ἄνδρα
399 913 461 1000 μὲν
481 915 537 980 καί
558 909 684 997 όρρενα
710 910 747 980 τό
771 919 881 997 σῶμα,
909 926 1088 997 γυναικεῖα
1109 911 1150 980 δὲ
1229 955 1230 982 ι

191 1010 406 1099 ἁμαρτήματα
421 1009 648 1098 ἡμαρτηκότας
668 1017 717 1088 τίς
731 1003 796 1078 οὖν
812 1007 908 1096 ὑμῶν
925 1024 1076 1095 γυναῖκα
1087 1020 1149 1078 λα-

190 1109 261 1197 βύν
283 1107 468 1177 ἀδικοῦσαν
487 1107 719 1195 τιμωρήσεταις
745 1103 768 1194 ή
789 1115 838 1186 τίς
859 1105 922 1176 ούκ
944 1105 1149 1184 ἀπαίδευτος

191 1207 276 1276 εἶναι
294 1205 382 1288 δόξει
395 1215 434 1296 τῇ
451 1209 512 1294 μὲν
525 1204 609 1275 κατὰ
621 1206 727 1292 φύσιν
737 1202 974 1294 ἁμαρτανούσῃ
985 1213 1149 1292 χαλεπαί-

191 1331 280 1392 νων,
302 1313 347 1390 τῷ
366 1305 401 1373 δδ
417 1304 506 1390 παρὰ
521 1303 625 1390 φύσιν
642 1301 761 1372 ἑαυτὸν
777 1301 950 1392 ὑβρίσαντι
961 1304 1148 1392 συμβούλῳ

126 1419 175 1478 178
192 1403 375 1490 χρύμενοςς
396 1409 470 1471 τίνα
488 1399 520 1470 δ’
537 1406 620 1488 ἔχων
635 1402 770 1480 ἕκαστος
787 1398 883 1487 ὑμῶν
897 1401 1039 1488 γνιόμηυ
1063 1400 1146 1468 ε’πά-
1163 1401 1204 1460 18⁶

191 1519 299 1568 νεισιν
315 1503 427 1569 οίκαδε
442 1502 478 1568 ἐκ
495 1505 556 1566 τοῦ
573 1502 799 1585 δικαστηρίονς
821 1494 976 1584 οὔτεγὰρ
995 1495 1146 1582 ὁκρινό-

192 1624 291 1684 μενος
308 1597 455 1684 όιφανης,
476 1594 561 1665 ἀλλὰ
575 1595 759 1684 γυιόριμος,
783 1592 862 1663 οὔθ’
881 1593 898 1664 ὁ
918 1595 1021 1682 νόμος
1037 1593 1057 1664 ὁ
1071 1595 1145 1681 περί

191 1792 230 1860 τό
246 1790 277 1860 τ’
295 1795 430 1880 ἐρέσθαι
446 1806 514 1872 τοῖς
529 1795 623 1860 παισί
640 1793 772 1870 καὶτοῖς
782 1797 961 1877 μειρακίοις
971 1790 1054 1870 τούς
1066 1795 1144 1860 ἑαυ-

191 1897 260 1960 τύν
271 1896 429 1978 οἰκείους,
442 1889 532 1971 ὅπως
542 1888 579 1959 τό
591 1896 726 1975 πρᾶγμα
737 1893 898 1973 κέκριται,
911 1888 1099 1975 πρόχειρον.
1112 1896 1145 1957 τί
1158 1893 1200 1948 187

192 1982 256 2057 ούν
270 1987 309 2074 δή
333 1993 438 2070 λέξετε
459 1993 495 2056 οί
512 1997 571 2074 τῆς
591 1986 709 2074 ψήφου
728 1987 806 2054 νυνὶ
825 1986 1001 2070 γεγονότες
1020 1987 1141 2072 κύριοι,

193 2082 275 2151 ὅταν
292 2089 326 2151 οί
340 2082 492 2172 ὑμέτεροι
508 2087 622 2164 τιαῑδες
640 2081 726 2169 ὑμᾶς
744 2087 898 2169 ἔρωνται,
924 2087 954 2150 εί
968 2086 1142 2151 κατεδικά-

193 2198 270 2245 σατε
286 2174 309 2263 ή
326 2177 598 2265 ύπεψηφίσασθες
620 2179 682 2266 ούχ
703 2177 770 2265 ἅμα
789 2185 955 2266 Τίμαρχον
976 2178 1140 2249 ἀπολῦσαι

193 2273 411 2362 ὁμολογήσετε
429 2277 563 2362 κοίτην
579 2275 698 2362 κοινήν
710 2283 862 2346 παιδείαν
873 2275 1088 2362 όνατρόψετες
1108 2286 1142 2346 τί
1231 2287 1232 2292 ’

193 2370 225 2442 δ’
238 2372 359 2460 όφελος
375 2375 610 2461 παιδαγωγοὺς
626 2379 761 2461 τρέφειν
771 2371 794 2465 ἢ
804 2381 1018 2464 παιδοτρίβας
1027 2380 1081 2446 καὶ
1091 2382 1141 2445 δι-

193 2472 380 2554 δασκάλους
399 2487 467 2552 τοίς
487 2475 599 2542 παισίν
620 2475 810 2561 ἐφιστάναι,
833 2472 915 2544 όταν
940 2481 975 2543 οί
993 2475 1056 2562 τήν
1076 2485 1141 2546 τῶν

193 2571 308 2657 νόμων
335 2571 620 2660 παρακαταθήκην
649 2577 776 2659 ἔχοντες
802 2574 885 2658 πρός
906 2572 965 2651 τὰς
986 2574 1140 2659 αίσχύνας

193 2669 506 2756 κατακόμπτωνταις

278 2768 441 2853 Θαυμόζω
454 2767 485 2836 δ’
499 2766 611 2854 ὑμῶν,
625 2761 652 2835 τό
665 2764 852 2854 Ἀθηναῖοι,
863 2765 1014 2854 κόικεϊνο,
1027 2771 1137 2850 είτους
1154 2785 1196 2840 188

192 2862 253 2947 μὲν
264 2865 515 2948 πορνοβοσκούς
523 2879 661 2952 μισεῖτε,
673 2862 752 2943 τούς
763 2861 792 2932 δ’
807 2864 944 2944 ἑκόντας
954 2888 1136 2954 πεπορνευ-

192 2957 482 3046 μένουςόιφήσετε·
504 2963 575 3046 καί,
600 2959 643 3040 ὡς
658 2966 781 3049 ἔοικεν,
804 2958 934 3041 ὁαύτδς
945 2954 1044 3042 οὗτος
1058 2960 1135 3050 ἀνὴρ

192 3056 380 3144 ἱερωσύνην
390 3059 452 3144 μὲν
464 3055 604 3138 οὐδενός
614 3067 707 3126 θεῶν
721 3061 925 3147 κληροόσεται
932 3113 941 3147 ,
965 3059 1009 3142 ύς
1021 3059 1081 3131 οὐκ
1091 3055 1136 3130 όν

193 3157 229 3224 ἐκ
239 3162 308 3222 τόν
318 3154 433 3242 νόμων
443 3155 592 3242 καθαρός
602 3154 639 3225 τό
653 3165 763 3244 σῶμα,
774 3159 895 3244 γράψει
908 3159 990 3228 mv
1000 3173 1135 3245 τοίςδη-

192 3259 354 3342 φίσμασιν
370 3250 466 3340 εύχόις
482 3249 565 3341 ὑπὲρ
582 3263 640 3341 τῆς
656 3254 782 3335 πόλεως
797 3270 868 3336 ταῖς
887 3270 1023 3344 σεμναῖς
1038 3267 1132 3334 θεαῖς.

125 3368 175 3425 179
197 3351 264 3419 εἶτα
280 3357 315 3420 τί
332 3352 546 3440 θαυμάζομεν
562 3350 624 3438 τήν
639 3349 759 3439 κοινήν
776 3350 957 3441 ἀπραξίαν,
979 3353 1132 3423 τοιούτων

192 3449 343 3533 ρητόρων
360 3452 412 3536 ἐπὶ
427 3448 486 3530 τὰς
502 3458 564 3517 τού
580 3451 688 3537 δήμου
702 3451 837 3538 γνύμας
848 3453 1132 3538 ἐπιγραφομένους
