2474 3946
357 250 489 308 ΚΑΤΑ
520 251 788 310 ΤΙΜΑΡΧΟΤ.
1006 249 1046 314 51

97 411 233 491 ανδρῶν
243 409 308 491 έρῶ
320 411 552 493 πρεσβυτέρων
563 409 617 476 καὶ
628 418 804 494 γνωρίμων
813 408 892 496 ὑμίν
901 410 1048 497 ὀνόματα

95 509 153 576 καὶ
164 513 344 596 μειρακίων
355 509 410 576 καὶ
420 512 564 591 παίδων,
578 499 626 574 οἷν
637 521 704 585 τοῖς
718 507 778 592 μὲν
788 507 842 576 διά
854 507 915 594 τὴν
926 507 1048 594 εὐπρέ-

96 631 196 674 πειαν
207 607 322 674 πολλοὶ
333 605 509 692 γεγόνασιν
522 607 670 690 ἐρασταί,
694 607 792 684 ἐνίοις
803 609 838 674 δὲ
849 614 917 674 τῶν
927 610 964 673 έν
973 605 1048 692 ἡλι-

95 712 152 792 κίηι
168 710 215 772 ἔτι
230 707 286 774 καί
304 713 368 773 νῦν
380 707 479 791 εἰσίν,
504 697 553 772 ῶν
565 701 675 782 οὐδεὶς
686 701 808 771 πάτρι’
821 709 866 782 είς
876 702 934 782 τάς
945 702 1046 786 αὐτὰς

94 808 202 884 αίτίας
221 801 356 890 άφίκται
374 803 543 891 Τιμάρχφ·
567 803 622 870 καὶ
638 801 739 870 πάλιν
750 799 1048 890 ὑμίνάντιδιέξειμι

94 901 291 989 ἀνθρώπων
323 903 602 986 πεπορνευμένων
634 905 775 987 αίσχρῶς
806 901 861 968 καὶ
892 910 1046 987 φανερῶς

94 999 258 1089 ὀνόματα,
280 1006 336 1069 ἵνα
358 997 450 1085 ὑμεῖς
472 997 742 1085 ἀναμνησθέντες
763 1007 978 1090 κατανείμητε
1000 1007 1046 1080 είς

25 1111 75 1167 156
93 1100 156 1187 τὴν
175 1101 412 1187 προσήκουσαν
430 1099 520 1178 τάξιν
542 1105 715 1184 Τίμαρχον.
752 1105 885 1182 πρῶτον
903 1099 939 1168 δὲ
962 1101 1044 1182 λέξω

93 1201 136 1267 τά
156 1207 224 1267 τῶν
245 1201 433 1282 ἐλευθέρων
454 1199 510 1266 καὶ
530 1203 639 1276 καλῶς
659 1197 870 1285 βεβιωκότων
890 1195 1046 1284 ὀνόματα.

92 1298 311 1384 γιγνῶσκετε,
325 1289 352 1365 ά
359 1295 545 1382 Ἀθηναῖοι,
567 1303 722 1381 Κρίτωνα
734 1297 795 1366 τόν
803 1296 981 1384 Ἀστυόχου
993 1299 1047 1366 καὶ

90 1401 311 1482 Περικλείδην
337 1395 397 1464 τόν
418 1391 625 1480 Περιθοίδην
651 1397 707 1464 καί
731 1400 970 1482 Πολεμαγένην
991 1397 1048 1465 καί

90 1499 325 1562 Πανταλέοντα
336 1491 396 1560 τόν
408 1493 603 1579 Κλεαγόρου
613 1495 667 1562 καὶ
685 1491 889 1581 Τιμησίθεον
898 1491 959 1562 τόν
969 1499 1048 1580 δρο-
1065 1513 1115 1566 158

92 1596 174 1680 μέα,
186 1599 382 1669 καλλίστους
389 1589 432 1658 οῦ
443 1591 549 1676 μόνον
559 1597 628 1660 τῶν
640 1600 801 1680 πολιτῶν,
814 1592 897 1664 ἀλλὰ
910 1597 966 1663 καί
978 1602 1047 1664 τῶν

85 1691 260 1778 Ἑλλήνων
281 1693 523 1775 γεγενημένους
548 1691 602 1757 καὶ
620 1697 783 1760 πλείστων
798 1695 853 1762 καί
871 1714 1045 1780 σωφρονε-

92 1791 227 1858 στάτων
244 1789 403 1873 τυχόντας
419 1791 583 1871 ἐραστῶν·
604 1785 671 1855 ἀλλ’
686 1787 774 1874 ὅμως
791 1789 901 1870 οὐδεὶς
912 1793 1045 1860 πῶποτε

33 1899 76 1955 157
93 1883 220 1965 αὐτοὺς
232 1891 333 1966 ἔψεξε.
356 1886 456 1953 πάλιν
467 1889 502 1954 ἐκ
514 1893 582 1954 τῶν
592 1894 770 1972 μειρακίων
779 1891 834 1954 καί
843 1895 910 1955 τῶν
922 1893 959 1955 έν
969 1913 1048 1954 παι-

95 1991 149 2055 σὶν
161 1991 208 2054 έτι
219 1986 274 2052 καὶ
285 1992 352 2053 νῦν
362 1982 471 2054 όντων
482 1985 686 2071 πρῶτονμὲν
702 1984 762 2053 τόν
774 1983 977 2071 ἀδελφιδοῦν
987 1984 1049 2053 τόν

90 2082 309 2170 Ἰφικράτους,
327 2080 404 2152 νίόν
416 2083 451 2152 δέ
465 2090 579 2152 Τισίου
589 2091 651 2155 τοῦ
660 2081 890 2169 Ῥαμνουσίου,
913 2081 1047 2170 ὁμῶνν-

94 2208 160 2268 μον
177 2181 212 2250 δέ
223 2187 288 2275 τοῦ
304 2182 382 2249 νυνὶ
398 2185 599 2266 κρινομένου
618 2182 801 2268 Τιμάρχου·
825 2181 862 2267 ἃς
880 2179 1047 2268 εὐπρεπὴς

97 2275 238 2348 ῶνίδεῖν
249 2288 410 2348 τοσοῦτον
429 2278 541 2365 άπέχει
557 2287 626 2348 τῶν
641 2287 803 2367 αἰσχρῶν,
827 2278 911 2348 ὥστε
928 2280 1046 2370 πρῴην

96 2381 136 2444 έν
158 2391 224 2455 τοῖς
244 2379 313 2446 κατ’
325 2375 449 2464 άγροῦς
469 2384 662 2457 Διονυσίοις
683 2383 855 2467 κωμῳδῶν
877 2377 986 2444 όντων
1008 2379 1046 2443 έν

94 2481 256 2563 Κολλυτῷ
292 2479 347 2544 καὶ
362 2479 596 2562 Παρμένοντος
612 2482 672 2540 τοῦ
692 2481 842 2560 κωμικοῦ
859 2469 1045 2555 ὑποκριτοῦ

95 2574 246 2652 είπόντος
258 2600 288 2641 τι
300 2571 383 2660 πρός
392 2571 453 2640 τόν
465 2571 567 2659 χορόν
577 2569 800 2653 ἀνάπαιστον,
819 2572 856 2636 έν
868 2559 895 2656 ᾦ
908 2561 951 2655 ἦν
962 2567 1049 2636 εἶναί

94 2697 186 2750 τινας
196 2672 344 2757 πόρνους
356 2669 519 2757 μεγάλους
534 2667 765 2752 Τιμαρχώδεις,
778 2662 886 2742 οὐδεὶς
896 2662 1045 2750 ὑπελάμ-

94 2778 198 2856 βανεν
209 2777 254 2850 είς
264 2769 301 2840 τό
314 2770 502 2856 μειράκιον,
521 2763 590 2834 ἀλλ’
604 2771 649 2844 είς
660 2764 696 2832 σὲ
707 2764 842 2842 πάντες·
866 2760 953 2831 οὕτω
964 2769 1047 2851 κλη-

95 2869 239 2954 ρονόμος
259 2867 365 2948 εἰτοῦ
383 2864 647 2952 ἐπιτηδεύματος.
678 2864 779 2932 πάλιν
797 2860 964 2932 Ἀντικλέα
986 2862 1046 2933 τόν

94 2966 335 3052 σταδιοδρόμον
346 2967 401 3034 καί
414 2970 550 3034 Φειδίαν
561 2966 621 3032 τὸν
632 2962 782 3049 άδελφόν
794 2971 855 3032 τοῦ
869 2969 1046 3048 Μελησίου.

94 3069 139 3132 ἔτι
150 3064 187 3132 δὲ
198 3070 396 3149 είπεῑκέχων
407 3062 551 3142 πολλοὺς
563 3062 750 3148 παόσομαι,
763 3066 818 3130 ἵνα
832 3058 876 3156 μὴ
889 3066 978 3129 δοκῶ
987 3061 1046 3132 τόν

38 3163 79 3217 158
94 3167 230 3232 ἔπαινον
248 3169 410 3252 θεραπείᾳ
426 3165 491 3230 τινί
507 3158 574 3230 κατ’
586 3159 700 3230 αὐτῶν
717 3169 893 3228 ποιεῖσθαι.
923 3161 998 3244 περὶ
1010 3164 1046 3228 δὲ

94 3270 160 3330 τῶν
172 3259 370 3349 ὁμοτρόπων
379 3269 447 3330 τῶν
461 3262 647 3348 Τιμάρχου,
666 3260 803 3345 φεύγων
814 3261 872 3338 τὰς
887 3255 1045 3344 ἀπεχθεί-

94 3385 147 3445 ας,
167 3351 217 3428 ῶν
233 3357 350 3444 ἥκιστά
363 3386 419 3445 μοι
435 3365 525 3446 μέλει
535 3358 780 3446 μνησθησομαι.
812 3362 860 3436 τίς
872 3353 937 3445 γάρ
950 3353 1046 3444 ὑμῶν
1066 3374 1114 3428 159

93 3456 152 3525 τόν
174 3454 329 3544 ὀρφανόν
350 3457 558 3545 καλούμενον
576 3458 774 3542 Διόφαντον
795 3451 986 3606 οὐμχοίδεν,
1010 3453 1046 3536 ὃς
