2510 3948
374 302 503 360 ΚΑΤΑ
523 301 902 362 ΚΤΗΣΙΦΩΝΤΟΣ.
1047 301 1107 367 173

69 471 139 529 1⁷6
157 460 342 548 ἀγωνιστής
359 459 443 546 ὑπὲρ
459 466 517 547 τῆς
533 463 689 542 πατρίδος
707 457 847 549 δωάρχη.
871 460 889 532 ὁ
912 465 974 549 μὲν
993 469 1109 532 τοίνυν

158 563 345 647 νομοθέτης
354 557 414 628 τόν
425 556 648 646 ἀστράτευτον
664 559 789 628 καὶτὸν
801 560 912 630 δειλόν
922 566 978 632 καί
987 560 1048 632 τόν
1058 576 1110 633 λι-

158 659 266 728 πόντα
282 658 345 746 τήν
360 659 453 738 τάξιν
469 662 530 738 ἔξω
545 666 613 726 τῶν
623 665 907 745 περιρραντηρίων
918 661 1110 750 τηςάγορᾶς

158 762 309 845 ἐξείργει,
328 761 383 827 καί
394 757 456 827 οόιι
468 763 506 846 ἐᾷ
517 765 770 844 στεφανοῦσθαι
780 755 853 825 οὐδ’
868 761 1002 827 είσιέυαι
1013 767 1058 841 είς
1069 759 1109 829 τά

158 854 232 944 ίερά
248 854 289 924 τά
302 861 465 944 δημοτελῆ
473 881 480 896 ·
503 853 546 924 σε)
558 855 594 924 δδ
604 855 665 925 τόν
676 851 914 944 ἀστεφάνωτον
924 860 960 926 ἐκ
971 866 1039 927 τῶν
1049 861 1110 928 νό-

160 983 231 1045 μων
242 957 387 1036 κελεύεις
404 953 489 1042 ἡμᾶς
505 962 711 1042 στεφανοῦν,
733 959 851 1045 καὶτῷ
868 963 994 1025 σαυτοῦ
1005 964 1110 1044 ψηφί-

158 1076 257 1143 σματι
267 1052 327 1122 τόν
338 1053 380 1123 οὐ
391 1054 603 1140 προσήκοντα
620 1060 780 1133 είσιιαλεῑς
791 1069 860 1135 τοῖς
870 1058 1053 1144 τραγῳδοῖς
1063 1060 1109 1136 είς

158 1153 220 1241 τήν
230 1152 433 1240 ὀρχήστραν,
451 1161 496 1233 είς
506 1152 543 1221 τό
556 1152 648 1238 ίερόν
658 1163 720 1223 τοῦ
730 1155 904 1223 Διονύσου
914 1152 1025 1225 τδντοὶ
1037 1152 1109 1241 ίερά
1162 1223 1167 1236 ,

160 1252 214 1323 διά
227 1259 352 1323 δειλίαν
365 1253 607 1343 προδεδωκότα.

234 1351 305 1424 Ἵνα
323 1354 360 1423 δδ
377 1351 421 1442 μή
435 1351 617 1422 ἀποπλανῶ
633 1349 720 1440 ὑμᾶς
740 1350 804 1422 ἀπδ
828 1359 885 1440 τῆς
907 1348 1110 1440 ὑποθέσεως,

160 1454 265 1521 ίαεῑνο
283 1456 469 1539 μέμνησθε,
494 1453 574 1522 όταν
593 1460 641 1541 φῇ
653 1450 829 1541 δημοτικός
841 1449 938 1520 εἶναι·
955 1449 1108 1538 θεωρεῖτ’

159 1547 266 1618 αὐτοῦ
274 1549 319 1637 μή
332 1547 521 1636 τὸνλόγον,
541 1548 625 1619 ἀλλά
636 1547 695 1618 τὸν
705 1557 798 1638 βίον,
815 1551 870 1619 καί
881 1563 1047 1635 σκοπείτε,
1066 1549 1110 1636 μή
1128 1565 1180 1622 567

159 1654 209 1727 τίς
220 1669 324 1735 φησιν
336 1647 420 1715 είναι
426 1700 436 1732 ,
448 1646 531 1717 ἀλλά
542 1655 590 1728 τίς
601 1652 698 1717 ἐστιν.

85 1765 141 1823 177
239 1743 328 1813 Ἐπεὶ
344 1748 380 1812 ab
396 1745 572 1830 στεφάνων
588 1744 807 1832 ἀνεμνήσθην
824 1749 879 1814 καί
890 1751 1036 1831 δωρεῶν,
1049 1747 1111 1826 ἕως

161 1851 208 1914 ἐτι
219 1847 400 1930 μέμνημαι,
412 1847 562 1928 προλέγω
573 1839 668 1930 ὑμῖν,
688 1843 1003 1930 ἀνδρεςἈθηναίοι,
1024 1849 1055 1910 εί
1064 1842 1107 1928 μή

161 1940 360 2010 καταλύσετε
385 1936 444 2019 τὰς
471 1937 648 2026 ἀφθόνους
667 1941 789 2020 ταύτας
811 1940 938 2025 δωρεάς
957 1945 1013 2008 καὶ
1033 1939 1111 2019 τοὺς

160 2045 233 2127 εἰκῇ
251 2040 447 2125 διδομένους
458 2039 659 2126 στεφάνους,
682 2035 762 2108 οὔθ’
782 2043 817 2108 ολ
825 2038 1005 2126 τιμοόμενοι
1015 2037 1113 2125 χάριν

160 2136 241 2226 ὑμίν
257 2147 403 2207 είσονται
418 2139 496 2207 οὔτε
512 2137 554 2208 τά
569 2147 626 2226 τῆς
643 2141 771 2220 πόλεως
782 2141 957 2227 πράγματα
967 2143 1113 2222 ἐπανορ-

159 2238 370 2325 θωθήσεται·
396 2236 473 2319 τοὺς
490 2237 627 2326 μὲνγὰρ
645 2238 816 2326 πονηροὺς
832 2235 874 2306 οά
885 2237 930 2327 μή
942 2261 1022 2307 ποτε
1033 2244 1112 2325 ρελ-

159 2344 249 2416 τίους
261 2338 423 2425 ποιήσετε,
434 2337 514 2418 τοὺς
524 2337 561 2406 δὲ
569 2337 732 2425 χρηστοδς
743 2345 789 2419 είς
798 2339 861 2426 τήν
871 2339 1012 2425 ἐσχάτην
1023 2335 1113 2403 ἀθυ-

160 2444 240 2522 μίαν
262 2438 441 2522 ἐμβαλεῖτε.
465 2434 518 2504 ότι
534 2435 570 2504 δ”
585 2436 694 2523 ἀληθῆ
717 2441 817 2521 λέγω,
840 2434 967 2521 μεγάλα
982 2433 1113 2500 τούτων

92 2550 145 2607 178
160 2533 250 2620 οἶμαι
266 2547 383 2620 σημεῖα
401 2537 520 2614 δείξειν
537 2531 625 2620 ὑμῖν.
649 2540 679 2602 εί
687 2534 752 2618 γάρ
771 2560 818 2612 τις
828 2530 915 2620 ὑμᾶς
925 2532 1110 2619 ἐρωτήσειε,
1245 2549 1246 2552 ’

161 2632 303 2717 πότερον
314 2628 396 2718 ὑμῖν
414 2634 607 2716 ἐνδοξοτέρα
624 2629 744 2717 δοκεεή
756 2630 850 2709 πόλις
860 2630 955 2718 ἡμῶν
967 2629 1050 2698 εἶναι
1061 2631 1113 2697 ἐπὶ

160 2741 229 2801 τεόν
244 2734 323 2800 νυνὶ
339 2726 505 2817 ιιαιρολνή
527 2733 581 2799 ἐπὶ
599 2739 668 2799 τολν
685 2732 882 2818 προγόνων,
905 2729 1049 2806 ἅπαντες
1070 2724 1113 2795 ἀν

162 2829 417 2918 ὁμολογήσαιτε,
440 2828 573 2898 ἐπὶτῶν
583 2827 770 2914 προγόνων.
791 2827 911 2914 ἀνδρες
922 2832 958 2898 δὲ
969 2827 1113 2911 πότερον

161 2929 236 2998 τότε
257 2926 416 3015 ἀμείνους
435 2921 522 3015 ἦσαν
543 2923 676 3015 ήνννίς
708 2928 782 3011 τότε
802 2927 864 3016 μὲν
887 2931 1112 3015 διαφέροντες,

161 3032 238 3098 νυνί
255 3028 291 3098 δὲ
308 3037 422 3116 πολλῷ
438 3031 696 3116 καταδεέστεροι.
721 3031 840 3113 δωρεαί
860 3030 896 3096 δὲ
913 3028 967 3094 καί
990 3029 1113 3111 στέφα-

160 3153 216 3196 νοι
226 3130 282 3197 καί
293 3129 487 3214 κηρύγματα
504 3133 560 3197 καί
571 3128 720 3216 ’σιτήσεις
741 3132 779 3196 ίν
799 3132 987 3214 πρυτανείφ
1013 3126 1113 3193 πότε-

161 3252 224 3313 ρον
240 3227 314 3294 τότε
331 3219 419 3313 ἦσαν
437 3231 570 3306 πλείους
587 3223 607 3314 ή
625 3234 706 3294 νυνί
711 3253 721 3305 3
742 3226 816 3294 τότε
839 3225 901 3311 μὲν
921 3217 966 3311 ήν
988 3222 1112 3291 σπάνια

160 3324 202 3392 τά
219 3322 303 3393 καλά
322 3322 402 3407 παρ’
421 3321 502 3410 ἡμίν
519 3326 576 3393 καλ
589 3323 627 3392 τδ
643 3332 702 3409 τῆς
719 3320 837 3408 ἀρετῆς
857 3320 966 3407 όνομα
986 3325 1111 3404 τίμιον·

162 3432 229 3491 νῦν
247 3421 279 3490 δ’
299 3421 362 3510 ήδη
373 3426 619 3491 καταπέπλυται
629 3419 667 3488 τδ
685 3428 838 3506 πρᾶγμα,
862 3420 918 3487 καὶ
933 3416 971 3487 τό
988 3437 1115 3505 στεφα-
1130 3433 1182 3489 568
1243 3431 1244 3493 λ

96 3534 143 3590 179
159 3527 245 3589 νοῦν
255 3526 288 3602 ἐξ
299 3527 411 3607 ἔθους,
424 3517 496 3588 ἀλλ’
511 3518 573 3589 οὐκ
585 3523 790 3604 ἐαπρονοίας
800 3528 959 3588 ποιείσθε.
974 3515 1036 3588 οὐκ
1050 3509 1115 3585 οὖν
