2486 3948
453 275 743 333 ΕΠΙΣΤΟΛΑΙ.
1012 276 1073 338 205

123 445 167 503 λα
179 433 396 519 συμπράξας,
411 424 454 510 ώς
465 433 574 520 μέθη,
587 431 638 500 ὅτι
649 430 690 499 οῦ
700 442 870 514 παντελῦς
881 437 1005 521 ἔρημον
1017 443 1075 521 φί-

123 541 195 600 λων
207 529 388 620 ὑπέλαβεν,
410 530 477 601 ἀλλ’
490 539 578 601 ἔστιν
595 538 642 604 ἂν
659 559 707 612 τις
714 531 897 622 Ἀθήνησιν
915 543 1075 624 Αἰσχίνου

121 629 417 718 λόγοςκαὶμνημη.
833 638 835 642 ’

590 775 619 841 7.

266 894 348 955 ΤΗΙ
364 892 540 956 ΒΟΥΛΗΙ
559 892 646 953 ΚΑΙ
666 891 749 954 ΤΩΙ
764 893 935 954 ΔΗΜΩΙ.

206 1013 401 1102 Ἐπυθόμην
411 1013 452 1081 τὰ
462 1015 607 1101 ῥηθέντα
619 1021 666 1103 τῷ
673 1013 873 1102 Μελανώπῳ
885 1011 968 1097 πρὸς
978 1008 1072 1099 ὑμᾶς,

123 1114 182 1184 καὶ
204 1111 265 1198 τὴν
294 1113 356 1198 μὲν
382 1109 546 1197 ὑμετέραν
573 1107 782 1197 ἀπεδεξάμην
803 1117 1073 1195 φιλανθρωπίαν,

125 1211 327 1298 Μελανώπῳ
340 1211 375 1280 δὲ
394 1208 457 1276 οῦκ
473 1205 670 1276 ἐπανελθών
688 1208 795 1298 μόνον
806 1214 926 1294 υομιζω
937 1223 1005 1288 τοῖς
1016 1214 1074 1295 βε-

124 1312 301 1398 βιωμένοις
322 1307 413 1398 αὐτῷ
432 1311 635 1396 πρέπουσαν
646 1307 833 1378 ἀποδώσειν
851 1309 965 1394 χάριν,
989 1305 1072 1375 ἀλλὰ

124 1407 229 1494 τυχόυ
239 1411 286 1474 έτι
296 1409 351 1475 καὶ
362 1411 516 1490 πατρίδος
533 1409 746 1493 ἐστερημένος
757 1404 845 1492 ὅμως
856 1403 993 1490 ἀρκέσαι
1003 1431 1074 1473 πει-
1091 1410 1142 1468 676

88 1531 109 1583 2
127 1505 280 1590 ρώσομαι.
311 1502 375 1588 ἐγώ
388 1501 468 1589 χδρ,
492 1493 519 1570 ώ
529 1503 734 1588 Μελάνωπε,
758 1500 841 1572 κατὰ
852 1503 1003 1591 μὲντοὺς
1015 1503 1075 1572 νό-

125 1630 210 1690 μους
232 1600 385 1689 ὁμολομῦ
405 1601 509 1690 ταώτη
530 1609 712 1688 κεχρῆσθαι
732 1611 774 1691 τῇ
794 1609 968 1692 συμφορᾷ,
991 1604 1075 1688 φημὶ

125 1705 239 1788 μέντοι
259 1708 400 1788 βοηθοῦν
422 1707 526 1768 ταῦτα
547 1714 614 1778 τοῖς
634 1701 750 1787 νόμοις
769 1704 990 1788 πεπονθέναι,
1019 1703 1074 1770 καὶ

125 1797 210 1885 ὑπὲρ
221 1805 282 1866 τοῦ
293 1801 418 1886 μηδένα
430 1806 680 1884 στεφανοῦσθαι
690 1797 766 1885 παρ’
778 1797 901 1879 αὐτοῦς
911 1799 1075 1884 ῦμωυιζόέ

127 1923 235 1984 μενος.
257 1899 329 1982 ἐμοὶ
339 1897 401 1982 μὲν
413 1889 477 1964 οὖν
488 1893 525 1964 τδ
539 1901 819 1983 δεδυστυχηιιέυαι-
828 1899 1071 1986 πολιτευομένῳ

127 1996 245 2064 κοινόν
256 1998 323 2063 ἐστι
335 1997 417 2081 πρὸς
430 2000 651 2082 Θεμιστοκλέα
667 1998 721 2065 καὶ
731 1993 933 2082 Ἀριστείδην
943 1998 999 2064 παλ
1010 1995 1073 2064 δίλ-

127 2105 207 2174 λους
223 2092 368 2174 πολλοῦς
388 2103 456 2162 τών
471 2091 713 2181 λαμπροτάτων
722 2093 801 2162 ποτέ
812 2098 849 2162 έν
859 2103 900 2183 τῇ
910 2094 1005 2162 πόλει
1015 2121 1074 2180 με·

90 2207 110 2260 3
128 2194 292 2279 νομένων·
321 2194 373 2260 σοί
385 2191 420 2260 δέ
437 2191 474 2260 τδ
486 2192 549 2278 μέν
564 2196 658 2279 μέχρι
666 2193 744 2279 χθὲς
753 2195 808 2260 καὶ
819 2193 935 2282 πρῴην
945 2202 1074 2279 θεσμο-

127 2288 381 2376 θετοῦυτοςῆδη
403 2300 468 2358 σοῦ
488 2293 690 2375 προεστάναι
712 2290 774 2378 τὴν
795 2297 934 2378 μητέρα,
957 2295 1025 2376 τρὶς
1037 2291 1073 2358 δέ
1089 2297 1137 2354 ὁλλ

128 2395 279 2476 ἐμπεσεῖν
295 2385 356 2454 τὸν
373 2391 498 2474 πατέρα
514 2410 577 2457 σου
594 2396 639 2468 είς
659 2389 696 2456 τὸ
720 2388 955 2475 δεσμωτήριον,
978 2387 1014 2454 σέ
1038 2389 1073 2457 δέ

127 2489 299 2574 πραθέντα
317 2491 505 2569 τρισχιλίων
522 2492 677 2572 δραχμῶν
694 2483 755 2570 τὴν
772 2482 881 2570 ἀκμὴν
899 2483 1069 2572 ἡταιρηπέ-
1119 2513 1126 2526 ·

126 2612 199 2672 ναι,
220 2598 289 2662 τοῖς
309 2583 384 2666 περὶ
400 2589 567 2669 Τίμαρχον
587 2586 675 2662 νέοις
692 2581 789 2651 κοιναὶ
810 2579 897 2651 ταῦτ’
910 2583 1007 2670 εἶναι,
1030 2581 1072 2653 οῦ

126 2683 280 2767 τοῖςπερὶ
295 2678 550 2770 Θεμιστοκλέαῆ
565 2681 765 2769 Ἀριστείδην
776 2680 836 2750 τὸν
848 2687 976 2751 δίκαιον
987 2680 1072 2751 ὑπο-

93 2781 296 2869 ςλαμβῦνω.
329 2779 412 2850 ἀλλὰ
423 2783 624 2873 Μελανώπῳ
645 2781 706 2868 μὲν
717 2773 834 2868 αὖθις,
852 2779 913 2850 έοὶυ
925 2777 1074 2866 δμιυδο-

127 2889 186 2970 κῇ,
201 2885 389 2968 διαλέξομαι
398 2883 532 2965 παρών·
556 2880 635 2968 ῦμιυ
646 2881 682 2950 δέ
691 2891 749 2969 τῆς
763 2878 904 2966 εὐνοίας,
912 2876 956 2968 ἢν
966 2879 1074 2948 διιόν-

128 3007 159 3048 τι
170 3005 227 3066 μοι
243 2987 465 3068 παρέσχεσθέ,
488 2987 717 3068 θορυβοῦντες
734 2980 773 3067 δὴ
795 2984 850 3048 καὶ
861 2977 1073 3065 μήθέλοντες

128 3077 364 3166 ἀκροάσασθαι
374 3086 442 3147 τών
452 3078 701 3167 λοιδορούντων
713 3077 812 3164 ἡμᾶς,
836 3074 964 3162 πολλὴν
974 3076 1073 3162 χάριν

129 3185 207 3265 ἔχω,
230 3177 437 3264 δικαιότερον
452 3181 565 3264 μέντοι
582 3180 637 3246 καὶ
653 3176 856 3263 ἅμεινουίμὲ
867 3172 970 3244 αὐτὸν
981 3179 1074 3242 έῦσαι

130 3273 213 3362 πρὸς
223 3273 302 3355 τοῦς
312 3280 548 3360 λοιδοροῦντας
558 3279 682 3360 λέγειν,
695 3276 947 3360 ψηφισαμένους
958 3270 979 3337 οἳ
990 3279 1073 3337 πολ·

129 3372 222 3452 λείαις
232 3383 365 3454 πολλοῖς
375 3371 439 3461 ἤδη
452 3379 660 3461 ἐψηφίσασθε
671 3371 711 3439 τὰ
721 3377 855 3458 μέγιστα
866 3369 1073 3458 ἁμαρτοῦσαι

101 3475 176 3549 θείς
188 3468 283 3557 ὑμᾶς.
316 3479 346 3540 εί
356 3472 391 3540 δέ
402 3469 463 3558 μη,
475 3473 514 3541 τό
526 3499 564 3557 γε
578 3470 734 3556 δεύτερον
746 3465 789 3539 δν
800 3476 972 3558 δεηθείην,
995 3467 1072 3537 ιἰυέ-
1157 3517 1159 3521 -
