2474 3946
186 273 228 338 02
531 267 785 326 Λιειιιιιου

187 431 300 520 μάτων
322 435 483 546 Τίμαρχος
499 421 652 512 δίκην,’
633 419 739 509 αρχην
755 421 961 510 εύκοσμίας’
944 449 981 490 εν
991 449 1031 509 τη
1020 423 1154 492 πόλει

188 523 465 597 κατασκευάσετε
495 519 577 590 είδ’
602 518 768 606 άπορεύξε
754 547 838 607 εται,
874 513 1084 607 κρείττων
1054 516 1152 608 ηνὸ

188 650 280 710 αγων
289 649 333 710 μη
351 623 577 723 γεγενημένος.
599 617 726 705 πρίνμέ
727 644 748 685 ν
759 618 823 704 γάρ
836 624 881 696 είς
892 624 1001 704 κρίσιν
1016 624 1153 738 Τίμαρ-

188 748 248 809 χον
260 728 461 806 καταστῆναι
472 717 583 806 φόβον
592 719 658 785 τισὶ
668 713 955 803 παρεῖχευὸνόμος
963 719 1064 784 καὶτὸ
1073 723 1152 786 τῶν

189 814 447 905 δικαστηρίωυ”
428 842 550 903 ονομα
574 813 650 884 είδ’
672 813 894 902 ὁπρωτεύων
909 821 1074 902 βδελυρίᾳ
1035 817 1152 884 ίιιαλ

103 911 107 916 ’
189 910 1151 1005 γνωριμώτατοςείσελθῶνπεριγενήσεται,πολλούςὰμαρ-

189 1016 303 1084 τάυειν
314 1016 437 1096 ἐπαρεῖ,
447 1015 502 1081 καὶ
512 1018 674 1082 τελευτῶν
685 1009 746 1096 ούχ
757 1008 776 1080 6
787 1012 896 1098 λόγος,
908 1010 982 1082 ἀλλ’
995 1009 1015 1082 6
1027 1011 1151 1096 καιρὸς

191 1111 275 1199 ὑμᾶς
292 1114 439 1198 ἐξοργιεῖ.
462 1109 506 1196 μὴ
524 1101 587 1178 ούν
600 1113 645 1188 είς
655 1107 821 1197 άθρόους,
841 1109 916 1180 ἀλλ’
929 1117 975 1190 είς
985 1111 1046 1178 ἕνα
1058 1109 1149 1180 άπο-
1164 1121 1205 1175 ιῖῖ

192 1209 353 1296 σκηίγατε,
375 1210 431 1278 καί
446 1205 508 1294 την
521 1205 740 1295 παρασκευὴν
757 1211 813 1278 καὶ
832 1208 912 1288 τούς
932 1209 1149 1296 συνηγόρους

192 1307 305 1378 αὐτῶν
320 1319 549 1394 παρατηρεῖτε·
571 1298 620 1374 ῶν
644 1303 783 1385 ούδενός
797 1303 861 1390 έγῶ
880 1303 1041 1394 ὀνομαστὶ
1056 1334 1148 1394 μνη-

190 1406 384 1526 σθησομαι,
395 1401 506 1491 ἵναμὴ
524 1403 648 1491 ταύτην
665 1402 770 1492 άρχὴν
786 1414 847 1474 τοῦ
858 1404 961 1490 λόγου
971 1406 1145 1491 ποιήσοιν-

190 1532 257 1592 ται,
281 1517 325 1582 ῶς
343 1500 406 1571 ούκ
423 1497 466 1570 άν
483 1509 675 1588 παρῆλθον,
699 1510 730 1572 εί
744 1503 789 1589 μη’
800 1529 848 1582 τις
859 1500 1144 1590 αύτῶνόνομαστὶ

191 1603 351 1688 ἐμυησθη.
375 1597 449 1668 ἀλλ’
468 1601 534 1668 ἐκεῖ
521 1613 573 1668 ῖνο
597 1601 739 1688 ποιήσω
763 1599 897 1724 άφιλῶν
919 1601 959 1670 τά
970 1601 1143 1722 ὀνόματα,

124 1721 174 1777 183
193 1698 323 1778 διεξιῶυ
345 1702 380 1768 δέ
407 1699 447 1766 τά
469 1699 707 1821 ἐπιτηδεύματα
734 1698 846 1768 αύτῶν
866 1705 921 1770 καῖ
940 1701 982 1768 τά
1006 1701 1143 1790 σῶματα

191 1800 343 1888 γνῶριμα
360 1800 564 1885 καταστήσω.
593 1795 732 1866 ἐσταιδ’
755 1796 856 1878 αὐτὸς
876 1801 983 1888 ἑαυτῶ
1004 1799 1142 1877 ἕκαστος

193 1910 310 1984 αίτιος,
332 1897 391 1967 ἐάν
408 1903 508 1986 δεῦρο
523 1895 633 1987 άναβῇ
648 1897 741 1966 καῖ’
720 1905 933 1986 αναισχυντῇ.
957 1897 1066 1987 τούτῳ
1076 1895 1142 1984 γάρ
1159 1908 1200 1962 194
1230 1911 1231 1922 ¹

193 2001 345 2083 πάρεισιν
356 2003 392 2067 ἐκ
402 2005 505 2084 τριῶν
516 2003 615 2066 εἰδῶν
624 1997 820 2083 συνήγοροι,
845 2001 880 2066 οί
893 1995 955 2082 μὲν
970 2009 1040 2074 ταῖς
1055 1993 1139 2063 καθ’

190 2096 318 2184 ἡμέραν
329 2096 490 2174 δαπάναις
501 2093 708 2183 άυηλωκότες
718 2095 775 2173 τάς
793 2092 946 2184 πατρῴας
955 2091 1072 2172 ούσίας
1078 2143 1088 2176 ,
1108 2097 1142 2160 oc

193 2197 228 2266 δέ
249 2208 318 2272 ταῖς
338 2191 477 2278 ἡλικίαις
497 2197 552 2261 καί
572 2209 639 2272 τοῖς
661 2197 788 2262 ἑαυτῶν
808 2193 957 2279 σῶμασιν
975 2190 1017 2260 ού
1033 2199 1139 2270 καλῶς

192 2293 385 2381 κεχρημένοι
401 2293 457 2359 καὶ
473 2290 616 2370 δεδιότες
627 2289 669 2359 ού
680 2297 754 2378 περί
770 2291 953 2377 Τιμάρχου,
971 2287 1055 2358 άλλά
1066 2289 1137 2373 περὶ

193 2395 319 2462 ἑαυτῶν
340 2391 395 2460 καὶ
414 2398 483 2458 τῶν
497 2389 781 2477 ἐπιτηδευμάτων,
804 2390 945 2476 μήποτε
963 2395 1009 2466 είς
1031 2391 1137 2472 κρίσιν

192 2497 414 2560 καταστῶσιν·
435 2485 585 2577 ἕτεροιδ
597 2491 633 2558 ἐκ
643 2514 712 2558 των
723 2487 917 2560 ακολαστων
926 2489 983 2556 καὶ
992 2512 1062 2554 των
1073 2499 1136 2564 τοῖς

192 2589 354 2711 τοιούτοις
370 2590 580 2674 κεχρημένων
604 2585 780 2674 άιμθόυως,
801 2591 857 2654 ἴνα
878 2598 948 2663 ταῖς
968 2589 1135 2671 βοηθείαις

192 2685 304 2756 αὐτῶν
331 2687 542 2764 πιστεύοντες
570 2685 654 2775 ῥᾷόν
675 2711 760 2764 τινες
785 2684 1062 2771 ἐξαμαρτάνωσιν.
1089 2673 1133 2750 ῶν
1149 2694 1192 2748 195

192 2787 271 2869 πρὶν
286 2811 344 2869 της
360 2791 560 2870 συνηγορίας
575 2783 717 2852 άκοῶσαι
737 2783 816 2862 τούς
837 2780 972 2870 βίους’
952 2780 1134 2902 αναμιμυή-

193 2888 330 2971 σκεσθε,
356 2884 410 2947 καῖ
426 2879 503 2958 τούς
519 2880 581 2966 μὲν
597 2887 642 2960 εἰς
659 2879 700 2948 τά
712 2880 846 2966 στόματα
856 2905 1083 2967 ημαρτηκοτας
1092 2905 1131 2964 μη
1232 2867 1233 2944 ί

193 2975 272 3064 ὑμῖν
289 2978 451 3062 ἐνοχλεῖν,
473 2975 556 3045 άλλδι
577 2977 771 3047 παύσασθαι
793 2983 1064 3065 δημηγοροῦντας
1082 3000 1132 3042 κε-
1232 2973 1233 3012 ί

126 3092 177 3149 184
192 3077 318 3143 λεύετε·
340 3073 419 3142 ούδέ
440 3072 504 3161 γάρ
527 3073 544 3142 6
566 3075 667 3162 νόμος
686 3073 765 3154 τούς
786 3072 1034 3160 ἰδιωτεύοντας,
1057 3070 1132 3140 ἀλλά

192 3172 270 3251 τοὺς
281 3176 556 3261 πολιτευομένους
572 3174 721 3256 ἐξετάζει·
743 3171 822 3252 τούς
833 3175 869 3244 δέ
879 3172 919 3240 τά
931 3177 1066 3258 πατρῷα
1077 3195 1112 3236 κα

192 3272 408 3359 τεδηδοκότας
431 3272 627 3359 ἐργάζεσθαι
653 3275 708 3342 καὶ
731 3274 896 3358 ἑτέρωθεν
916 3277 1062 3338 κτάσθαι
1079 3265 1131 3336 τόν

192 3374 268 3457 βίον
279 3369 442 3440 κελεύετε·
454 3368 532 3459 τούς
543 3371 579 3438 δέ
587 3378 655 3438 τῶν
664 3371 759 3454 νέων,
772 3368 845 3437 ὅσοι
855 3371 975 3457 ῥηιδίως
984 3363 1130 3436 ἁλίσκον-

194 3492 263 3550 ται,
285 3465 452 3553 θηρευτὰς
470 3465 569 3548 ὄντας
587 3474 632 3546 είς
648 3467 727 3547 τούς
744 3472 858 3547 ξένους
875 3469 929 3536 καὶ
943 3465 1130 3552 τούςμετοί-
