2510 3948
335 312 463 369 ΚΑΤΑ
484 310 865 371 ΚΤΗΣΙΦΩΝΤΟΣ.
1021 311 1082 376 169

123 492 201 535 τινα
215 469 364 536 ἐνταῦθα
381 468 499 554 λόγον,
521 464 799 554 Δημόσθενες,”
776 497 797 554 η
816 470 963 554 ἔγραψας
973 473 1084 558 τιψη

126 587 251 652 φισμα;
272 567 388 655 βούλει
410 587 447 636 σε
468 576 521 636 θῶ
544 575 739 656 φοβηθηναι
753 571 808 637 καὶ
826 571 1018 658 χρήσασθαι
1033 582 1083 664 τῶ

126 661 234 732 αὑτοῦ
244 666 372 755 τρύπμ;
393 673 500 734 καίτοι
511 661 691 791 ῥητορικὴν
702 672 826 736 δειλίαν
838 669 996 755 δημόσιος
1008 699 1084 740 και-

19 775 104 833 164
127 789 189 848 ρος
198 789 262 831 ουκ
273 767 438 853 αναμενει
472 763 542 835 ἀλλ’
559 765 671 851 ἐπειδη
691 767 782 854 πόση
795 793 846 886 τη
826 768 998 855 δυναμει
1007 781 1081 839 Λα

127 862 461 950 ρεῖοςκατεβεβηκει,
485 861 549 932 ὁδ’
565 861 653 942 'Aug
635 855 808 946 ανδρος
784 889 830 949 ην
841 861 1082 952 απειλημμένος

128 967 166 1030 ἐν
175 969 308 1052 Κιλικίᾳ
320 963 457 1031 πόντων
470 962 600 1049 ἐνδεὴς,
615 961 659 1042 ῶς
670 963 875 1052 ἔφησθασύ,
889 963 1007 1034 αὐτίκα
1018 968 1084 1053 μύ-

127 1071 170 1131 λα
181 1060 212 1129 δ’
225 1061 382 1148 ἤμελλεν,
406 1059 450 1140 ῶς
459 1055 504 1149 ἦν
514 1059 533 1130 ὁ
544 1061 633 1148 παρὰ
646 1069 709 1128 σού
725 1062 841 1149 λόγος,
859 1067 1083 1151 συμπατηθή-

128 1169 248 1227 σεσθαι
265 1157 332 1228 ὑπό
349 1167 408 1246 τῆς
417 1167 584 1246 Περσικῆς
593 1162 716 1245 ἵππον,
738 1159 801 1247 τὴν
811 1160 847 1230 δὲ
857 1159 921 1246 σην
932 1161 1081 1250 ἄηδίανὴ

128 1260 224 1339 πόλις
241 1257 304 1329 ούκ
321 1262 435 1348 ἐχώρει
452 1263 507 1330 καλ
524 1257 583 1340 τὰς
598 1258 786 1347 ἐπιστολὰς,
811 1259 850 1338 ἃς
869 1263 1083 1348 ἐξηρτημένος

128 1360 166 1424 ἐκ
177 1364 245 1424 τῶν
261 1357 436 1429 δακτύλων
453 1359 615 1448 περιῄεις,
639 1357 859 1428 ἐπιδεικνύων
873 1362 937 1426 τισὶ
948 1357 985 1427 τό
999 1359 1081 1446 ἐμόν
1096 1370 1147 1424 552

127 1453 313 1540 πρόσωπον
334 1453 378 1535 ῶς
399 1459 669 1542 ἐκπεπληγμένον
692 1457 748 1525 καὶ
772 1454 1002 1542 ἀθυμοῦντος,
1027 1457 1083 1524 καὶ

127 1551 344 1638 χρυσόκερων
361 1551 542 1623 ἀποκαλῶν
557 1556 613 1622 καλ
629 1556 854 1647 κατεστέφθαι
873 1554 1030 1639 φάσκων,
1054 1567 1087 1622 εῖ

127 1674 160 1716 τι
180 1665 325 1737 πταῖσμα
352 1650 553 1737 συμβήσεται
580 1649 800 1742 Ἀλεξάνδρῳ,
833 1650 910 1720 οὐδ’
933 1659 1082 1721 ἐνταῦθα

127 1753 272 1836 ἔπραξας
288 1748 405 1835 ούδέν,
427 1748 501 1818 ἀλλ’
520 1759 568 1828 είς
583 1776 659 1818 τινα
675 1749 795 1834 καιρόν
804 1751 993 1839 ἀνεβάλλου
1002 1760 1083 1820 καλ-

44 1864 108 1920 165
129 1854 200 1917 λίω.
222 1845 371 1933 ὑπερβὰς
380 1845 633 1915 τοίνυνόίπαντα
644 1852 748 1914 ταῦτα
759 1844 843 1929 ὑπὲρ
853 1856 922 1914 τῶν
934 1851 1084 1916 νυνλκα-

128 1944 348 2028 θεστηκότων
359 1948 450 2024 λέξω.
483 1945 742 2032 Λακεδαιμόνιοι
758 1948 820 2032 μὲν
835 1943 938 2014 καὶτὸ
952 1943 1083 2025 ξενικὸν
1100 1956 1151 2010 555

129 2045 289 2127 ἐπέτυχον
304 2043 393 2131 μάχη
409 2044 465 2112 καί
481 2047 679 2130 διέφθειραν
702 2042 781 2123 τούς
807 2045 882 2130 περί
904 2042 1085 2130 Κόρραγον

131 2140 346 2225 στρατιώτας,
382 2140 502 2210 Ἠλεῖοι
523 2142 556 2212 δ’
580 2141 693 2222 αὐτοῖς
720 2141 1007 2230 συμμετεβάλοντο
1028 2146 1085 2211 καί

127 2235 248 2323 Ἀχαιολ
269 2238 391 2318 πάντες
411 2239 499 2327 πλην
513 2247 730 2327 Πελληναίων
749 2244 804 2310 καὶ
819 2238 973 2327 Ἀρκαδία
994 2247 1084 2308 πῶσα

131 2337 218 2460 πλην
229 2339 389 2459 Μεγάλης
400 2339 542 2425 πόλεως,
565 2338 648 2426 αὕτη
660 2339 696 2408 δέ
707 2343 928 2422 ἐπολιορκεῖτο
940 2339 996 2405 καὶ
1006 2334 1081 2404 καθ’

130 2541 241 2616 ἐξω
201 2559 260 2620 της
271 2534 399 2616 ύρκτου
411 2535 535 2618 καὶτῆς
553 2535 749 2618 οἰκουμένης
766 2530 882 2613 ὀλίγου
895 2534 965 2597 δεῖν
977 2551 1084 2617 πασης

131 2635 358 2724 μεθειστήκει,
382 2630 400 2701 ὁ
419 2633 455 2702 δὲ
474 2630 684 2713 Ἀντίπατρος
702 2626 811 2698 πολύν
826 2629 949 2714 χρόνον
961 2637 1085 2748 συνῆγε

132 2733 368 2818 στρατόπεδον,
380 2728 462 2799 τόδ’
476 2729 637 2813 ἐσόμενον
648 2719 808 2814 αδηλον
784 2752 838 2813 ην
860 2725 993 2795 ἐνταῦθ’
1005 2725 1086 2813 ἡμῖν

131 2830 302 2910 αποδειξιν
311 2834 462 2915 ποίησαι,
479 2826 716 2915 Δημόσθενες,
732 2832 768 2893 τί
775 2820 844 2892 ποτ’
856 2851 901 2911 ην
913 2851 933 2892 α
920 2821 1085 2914 “gapatae
1102 2855 1112 2874 ·

131 2958 151 3016 η
138 2925 204 2997 τί
216 2925 286 2996 τοτ’
297 2953 341 3013 ην
358 2924 379 2994 ἁ
374 2927 519 3013 ἔλεγες·
550 2928 606 2995 καὶ
625 2931 655 2994 εί
673 2925 804 3014 βούλει,
828 2931 1017 3010 παραχωρῶ
1032 2944 1086 2990 σοι

63 3039 113 3098 155
130 3054 192 3097 του
179 3027 407 3115 βήματος,”
388 3052 449 3104 εως
460 3020 504 3093 ι’ὶν
523 3035 628 3113 εἴπης..
656 3021 767 3108 ἐπειδη
779 3025 815 3090 δέ
827 3029 939 3110 σιγᾷς,
961 3017 1085 3104 ὅτιμέν

131 3124 281 3209 ἀπορεῖς,
303 3124 505 3209 συγγνώμην
523 3129 584 3209 ἐχω
602 3145 672 3209 σοι,
696 3117 717 3189 δῖ
741 3120 777 3189 δέ
792 3117 856 3187 τότ’
875 3124 999 3202 ἔλεγες,
1021 3115 1084 3202 ἐγώ

131 3231 197 3290 νῦν
209 3227 298 3302 λέξω.
332 3220 374 3288 ού
392 3222 563 3306 μέμνησθε
580 3219 686 3288 αὐτοῦ
702 3216 742 3285 τὰ
755 3215 857 3303 μιαρὰ
869 3215 924 3282 καὶ
934 3211 1085 3280 ἀπίθανα

131 3316 321 3407 βηματα,“
299 3346 321 3386 α
343 3324 414 3396 πῶς
429 3313 504 3384 ποθ’
525 3314 635 3403 ὑμεῖς,
657 3308 858 3399 ώσιδηρεοι,
883 3314 1085 3394 ἐκαρτερεῖτε

132 3415 361 3524 ἄκροώμενοις
385 3413 424 3482 ὅτ
422 3411 506 3501 ’ἔφη
527 3410 710 3535 παρελθών
727 3410 1084 3528 ,,ἆμπελουργούσίτι-
1100 3424 1152 3479 555

133 3537 189 3594 νες
204 3519 268 3592 την
286 3513 401 3597 πόλιν,
424 3509 672 3598 ἀνατετμήκασί
688 3533 775 3586 τινες
795 3503 835 3575 τὰ
859 3504 1007 3593 κληματα
1023 3510 1085 3573 τοῦ
