2510 3948
319 255 455 313 ΚΑΤΑ
475 252 856 313 ΚΤΗΣΙΦΩΝΤΟΣ.
1005 251 1067 317 137

113 414 240 502 χρόνου
259 411 336 498 παρ’
355 410 501 482 ἑκόντων
523 418 591 480 τόν
610 408 779 498 Ἑλλήνων
800 408 983 500 ἀπολαβεῖν
1004 410 1067 499 τὴν

113 509 310 597 ἡγεμονίαν·
333 509 534 578 καὶτούτων
551 507 797 596 ἀπεστερήθητε
814 507 867 578 διά
885 515 1067 597 Δημοσθέ-

113 635 179 696 νην
195 612 252 679 καί
269 609 478 696 Φιλοκράτην
494 608 549 675 καὶ
565 607 623 686 τὰς
638 607 770 675 τούτων
785 610 1005 694 δωροδοκίας,
1026 604 1065 688 ἀς

113 706 369 793 ἐδωροδόκησαν
384 706 566 784 συστάντες
580 707 634 774 έπί
649 701 686 772 τό
706 704 869 791 δημόσιον
890 703 928 772 τό
948 703 1065 791 ὑμέτε-

61 824 98 878 59
115 831 188 889 ρον.
201 810 232 874 εί
240 807 280 872 δέ
286 800 483 892 τισινῦμοῐν
492 806 649 889 ἐξαίφνης
657 803 842 872 ἀκούσασιν
852 801 1065 889 ἀπιστότερος

112 903 373 985 προσπέπτωκεν
389 899 567 980 ὁτοιοῦτος
577 900 691 986 λόγος,
709 903 842 979 ἐκείνως
852 900 915 988 την
925 899 1065 970 ὑπόλοι-

112 1022 180 1067 πον
189 998 376 1084 ποιήσασθε
384 995 563 1083 ἀκρόασιν,
587 995 699 1083 ὥσπερ
711 996 792 1065 ὅταν
803 1001 877 1084 περί
886 997 1065 1086 χρημάτων

112 1091 337 1182 ἀνηλωμένων
348 1091 403 1163 διά
414 1101 543 1164 πολλοῦ
552 1094 679 1181 χρόνου
690 1095 910 1182 καθεζόμεθα
922 1098 974 1164 ἐπί
986 1122 1065 1175 τους

111 1194 300 1280 λογισμούς.
322 1193 488 1282 ἐρχόμεθα
506 1194 547 1280 δή
563 1217 630 1262 που
643 1199 779 1280 Ιψευδεῖς
802 1203 939 1262 οίκοθεν
960 1197 1064 1263 ἐνίοτε

112 1293 210 1375 δόξας
225 1300 354 1381 ἔχοντες
369 1291 451 1362 κατά
461 1301 530 1362 τῶν
540 1299 726 1382 λογισμῶν·
745 1290 820 1363 ἀλλ’
833 1291 922 1380 ὅμως
931 1291 1065 1360 έπειδάν
1079 1302 1129 1360 447

111 1388 130 1459 ό
145 1389 300 1478 λογισμός
311 1385 613 1480 συγκεφαλαιωθῇ,
635 1389 744 1471 οὐδεὶς
759 1389 857 1479 ἡμῶν
874 1394 963 1458 ἐστιν
974 1387 1063 1458 οὕτω

112 1488 274 1568 δόσκολος
284 1488 347 1577 τὴν
360 1490 483 1576 φάσιν,
505 1489 595 1570 όστις
610 1489 674 1558 οὐκ
685 1488 860 1576 ἀπέρχεται
870 1485 969 1557 τοῦθ’
983 1484 1063 1573 ὁμο-

110 1585 255 1670 λογήσας
271 1588 327 1654 καί
344 1585 520 1664 ἐπινεύσας
537 1584 660 1672 ἀληθὲς
678 1585 779 1674 εἶναι,
803 1585 866 1654 ότι
877 1580 921 1652 ἀν
930 1579 1061 1663 αὐτόςὸ

48 1698 88 1753 60
108 1679 266 1768 λογισμός
287 1685 373 1769 αίρῇ.
398 1680 486 1749 οὕτω
503 1683 558 1750 καὶ
574 1690 641 1750 νῦν
657 1683 718 1770 την
735 1682 898 1769 ἀκρόασιν
921 1680 1064 1767 ποιήσα-

109 1789 187 1847 σθε.
200 1789 232 1846 εί
240 1804 327 1857 τινες
337 1775 434 1866 ὑμῶν
445 1782 481 1848 ἐκ
492 1787 560 1847 των
577 1785 770 1866 ἔμπροσθεν
778 1781 910 1867 χρόνων
920 1779 1063 1864 ἥκουσιν

107 1885 252 1944 οίκοθεν
267 1875 424 1964 τοιαότην
441 1883 570 1963 ἔχοντες
580 1877 642 1964 τὴν
653 1879 771 1963 δόξαν,
786 1873 829 1955 ὡς
839 1875 905 1959 ἀρα
917 1872 935 1942 ό
946 1885 1064 1959 Δημο-

107 1978 237 2061 σθένης
254 1972 356 2044 οὐδὲν
373 1977 505 2046 πάντοτε
523 1986 656 2064 είρηκεν
666 1973 750 2063 ὑπὲρ
762 1983 930 2044 Φιλίππου
940 1972 1064 2051 συστάς
1169 2037 1171 2042 .

108 2070 193 2160 μετά
203 2075 444 2160 Φιλοκράτους,
455 2115 498 2128 -
507 2071 598 2153 ὅστις
608 2071 697 2142 οὕτω
710 2074 879 2158 διάκειται,
891 2067 967 2157 μήτ’
978 2066 1063 2138 άπα-

108 2171 227 2256 γνάτω
234 2171 339 2258 μηδὲν
345 2172 428 2260 μήτε
434 2174 646 2260 καταγνώτω,
653 2177 732 2258 πρὶν
738 2169 781 2242 ἀν
788 2172 931 2261 ἀκοάση·
943 2169 986 2240 οὐ
996 2169 1062 2257 γάρ

110 2274 251 2339 δίκαιον.
274 2269 349 2340 ἀλλ’
368 2271 430 2341 έάν
444 2276 527 2360 ἐμοῦ
537 2274 592 2342 διά
603 2279 754 2361 βραχέων
764 2273 928 2360 άκοάσητε
939 2271 1063 2358 ὑπομι-

110 2366 319 2453 μνήσκοντος
336 2369 417 2450 τούς
435 2371 574 2457 καιροὺς
586 2374 642 2446 καὶ
657 2369 694 2440 τό
711 2372 867 2459 ψήφισμα
877 2375 1063 2455 παρεχομέ-

109 2489 189 2550 νου,
212 2462 233 2534 δ
253 2466 334 2551 μετά
352 2469 580 2554 Φιλοκράτους
603 2475 725 2554 ἔγραψε
741 2469 980 2554 Δημοσθένης,
1002 2463 1062 2532 ἐάν

109 2560 211 2641 αὐτός
232 2560 331 2650 ότῆς
353 2562 511 2651 ἀληθείας
529 2563 686 2650 λογισμός
706 2561 982 2649 ἐγκαταλαμβάνῃ
1002 2561 1062 2630 τόν

107 2662 338 2747 Δημοσθένην
352 2669 454 2730 πλείω
471 2662 532 2750 μὲν
548 2660 738 2748 γεγραφότα
755 2667 948 2748 ψηφίσματα
961 2667 1062 2732 Φιλο-

108 2757 255 2844 κράτους
276 2761 352 2842 τιερί
373 2768 432 2846 τῆς
453 2761 486 2839 ἐξ
512 2755 614 2844 ἀρχῆς
638 2758 771 2844 εἰρήνης
793 2759 848 2826 καί
869 2762 1063 2844 συμμαχίας,
1079 2773 1132 2828 448

61 2876 94 2931 ⁶1
110 2853 194 2924 καθ’
205 2853 398 2945 ὑπερβολὴν
409 2857 445 2927 δὲ
456 2854 614 2944 αίσχόυης
625 2857 886 2926 κεκολακευκότα
898 2863 1064 2941 Φίλιππον

109 2955 165 3022 καί
183 2953 262 3033 τούς
281 2953 361 3040 παρ’
380 2960 511 3026 ἐκείνου
526 2957 696 3042 πρέσβεις,
719 2964 825 3024 αίτιον
846 2954 883 3023 δὲ
901 2953 1063 3039 γεγονότα
1078 2968 1131 3026 449

108 3058 159 3142 τῷ
168 3053 264 3142 δήμω
275 3061 337 3121 τοῦ
347 3053 392 3141 μὴ
404 3053 485 3142 μετὰ
500 3062 619 3124 κοινοί
629 3059 809 3139 συνεδρίου
821 3049 1062 3138 τῶνἙλλήνων
1074 3071 1131 3129 450

109 3151 317 3238 ποιήσασθαι
326 3153 389 3240 την
400 3154 547 3241 εἰρήνην,
565 3157 702 3222 ἔκδοτον
713 3154 749 3222 δὲ
760 3157 912 3239 Φιλίππῳ
924 3175 1062 3238 πεποιη-

109 3249 194 3318 κότα
204 3254 461 3339 Κερσοβλέπτην
470 3253 531 3320 τόν
541 3254 675 3342 Θράκης
684 3253 831 3339 βασιλέα,
843 3249 950 3334 ἄνδρα
962 3256 1061 3334 φίλου

108 3352 165 3416 καὶ
176 3349 350 3437 σύμμαχον
363 3359 404 3438 τῇ
414 3351 517 3437 πόλει,
533 3349 639 3420 -έάυ
651 3347 752 3418 ταῦθ’
773 3346 854 3435 ὑμῖν
865 3355 981 3432 σαφῶς
991 3349 1061 3414 έπι-

111 3451 217 3538 δείξω,
230 3450 390 3538 δεήσομαι
401 3447 498 3536 ὑμῶν
508 3455 647 3536 μετρίαν
658 3452 788 3534 δέησιν·
801 3446 997 3515 έπινεόσατέ
1005 3471 1062 3533 μοι
