2510 3948
346 309 478 366 ΚΑΤΑ
499 307 880 368 ΚΤΗΣΙΦΩΝΤΟΣ.
1025 306 1084 371 187

33 481 106 533 223
135 487 217 548 σανς
239 465 328 534 οὕτω
346 469 381 534 δέ
398 481 467 545 ταῖς
478 473 594 544 αἰτίαις
605 469 783 552 ἐνέφραξας
794 465 851 547 τάς
862 467 945 536 κατὰ
958 476 1085 536 σαυτοῦ

134 571 309 651 τιμωρίας,
333 561 416 630 ὥστε
433 561 493 630 τὸν
509 567 672 630 κίνδυνον
687 562 771 632 εἰναι
788 563 831 650 μή
844 571 896 634 σοί
906 574 954 656 τῷ
965 566 1084 653 ἀδική-

133 683 240 747 σαντι,
253 661 336 730 ἀλλά
348 677 416 742 τοίς
426 666 599 746 ἐπεξιοῦσι,
612 660 720 730 πολύν
731 663 791 749 μὲν
802 661 862 730 τὸν
870 661 1083 749 Ἀλέξανδρον

132 764 190 829 καί
201 768 367 829 Φίλιππον
377 765 414 829 έν
424 776 494 840 ταῖς
507 766 674 847 διαβολαῖς
690 763 821 849 φέρων,
843 762 1036 848 αἰτιάμενος
1047 768 1085 832 δέ

132 886 227 938 τινας
243 863 428 944 ἐμποδίζειν
444 859 525 938 τούς
534 869 592 946 τῆς
602 860 730 940 πόλεως
746 887 894 947 καιρους,
906 859 1006 931 ἀείτὸ
1018 887 1083 930 πα-

135 959 198 1044 ρὸν
210 958 469 1044 λυμαινόμενος,
490 955 527 1026 τό
547 960 583 1027 δὲ
597 962 718 1044 μέλλον
729 961 1080 1048 κατεπαγγελλόμενος.

133 1055 176 1125 ού
192 1055 230 1125 τά
252 1066 442 1127 τελευταῖον
463 1061 732 1145 εἰσαγγέλλεσθαι
754 1062 883 1144 μέλλων
905 1057 964 1127 ὑπ’
987 1063 1081 1146 ἐμοῦ,
1099 1067 1151 1124 616

132 1155 195 1242 τήν
211 1155 382 1236 Ἀναξίνου
398 1156 563 1244 σύλληψιν
579 1165 641 1224 τοῦ
658 1155 806 1244 Ὠρείτου
824 1159 1080 1245 κατασκευάσας,

43 1275 114 1330 224
130 1263 193 1323 τοῦ
210 1255 251 1323 τά
261 1253 478 1343 ἀγοράσματα
489 1253 683 1342 Ὀλυμπιάδι
699 1254 933 1343 ἀγοράζοντος,
958 1258 1082 1326 καὶτὸν

131 1353 236 1424 αύτὸν
247 1356 355 1441 ἄνδρα
365 1357 630 1444 διαστρεβλύσας
641 1365 680 1444 τῇ
692 1363 818 1424 σαυτοῦ
826 1357 924 1442 χειρί,
937 1361 1082 1442 ἔγραψας

132 1451 236 1524 αύτὸν
247 1455 385 1544 θανάτῳ
397 1461 572 1542 ξήμιοῦσαις
593 1459 647 1522 καί
664 1454 754 1541 παρά
765 1463 812 1544 τῷ
823 1453 913 1546 αύτῷ
925 1459 961 1522 έν
977 1453 1080 1546 Ὠρεῷ

129 1554 289 1639 κατήγου,
301 1554 357 1621 καί
368 1550 433 1621 ἀπὸ
445 1561 503 1636 τής
514 1551 616 1638 αύτής
626 1557 782 1641 τραπέζης
793 1559 915 1641 ἔφαγες
924 1557 979 1624 καί
994 1561 1082 1632 ἔκιες

129 1654 187 1721 καί
199 1657 360 1734 ἔσπεισας,
372 1652 427 1718 καί
436 1651 499 1736 τήν
510 1648 623 1730 δεξιάν
633 1656 784 1739 ἐνέβαλες
795 1653 903 1741 ἀνδρα
914 1661 1015 1741 φίλον
1026 1655 1080 1723 καί
1161 1657 1164 1666 “

129 1754 228 1830 ξένον
236 1749 443 1835 ποιούμενος.
458 1751 514 1817 καί
527 1757 648 1818 τοῦτον
657 1749 911 1838 ἀπέκτεινας,καί
920 1751 1081 1838 περὶτού-

128 1877 199 1917 των
215 1853 252 1916 έν
269 1847 393 1915 άπασιν
408 1847 594 1934 Ἀθηναίοις
617 1850 818 1934 ἐξελεγχθείς
839 1845 900 1916 ὑπ’
922 1854 1005 1933 ἐμοῦ
1025 1851 1081 1917 καί

129 1949 267 2032 κληθεὶς
277 1946 472 2026 ξενοκτόνος
483 1944 525 2014 ού
536 1946 576 2013 τδ
586 1943 735 2034 ἀσέβημα
744 1943 880 2033 ήρνήσω
887 1997 897 2031 ,
909 1945 985 2016 ἀλλ’
999 1945 1080 2014 ἀκε-

128 2051 252 2137 κρίνω,
287 2043 342 2131 ἐφ’
363 2037 392 2134 ᾦ
407 2043 591 2132 ἀνεβόησεν
608 2043 626 2112 ὁ
644 2050 746 2132 δῆμος
763 2047 818 2114 καὶ
836 2044 910 2113 ὅσοι
921 2047 1008 2126 ξένοι
1020 2069 1080 2114 πε-

131 2146 307 2228 ριέστασαν
315 2141 377 2230 τήν
386 2148 578 2231 ἐκκλησίαν·
589 2151 722 2231 έφήσθα
728 2145 793 2231 γάρ
801 2144 879 2224 τούς
890 2153 947 2232 τής
954 2145 1081 2224 πόλεως

132 2241 214 2321 άλας
229 2245 304 2326 περί
322 2251 476 2324 πλείονος
485 2244 691 2331 ποιήσασθαι
701 2253 760 2331 τής
770 2248 900 2332 ξενικῆς
909 2249 1075 2330 τραπέζης.

52 2369 110 2422 225
130 2340 302 2422 ἐπιστολάς
319 2343 354 2411 δὲ
367 2351 448 2428 σιγῶ
460 2348 593 2425 ψευδεῖς
602 2347 658 2412 καί
667 2345 888 2413 κατασκόπων
900 2343 1078 2428 συλλήψεις

128 2446 182 2510 καὶ
204 2443 372 2528 βασάνους
393 2440 445 2510 ἐπ’
470 2449 586 2520 αἰτίαις
608 2441 796 2526 ἀγενήτοις,
826 2438 870 2518 ὡς
892 2444 974 2525 ἐμοῦ
997 2441 1079 2524 μετά

127 2546 273 2610 τινωνέν
283 2549 324 2630 τῇ
334 2540 428 2608 πόλει
439 2545 641 2626 νεωτεριξειν
652 2541 867 2625 βουλομένου.
880 2541 990 2605 ἔπειτα
1003 2541 1079 2604 ἐπε·
1094 2553 1144 2612 617

127 2648 240 2724 ρωτάν
259 2666 316 2727 με,
341 2639 385 2718 ῦς
405 2636 469 2724 έγά
494 2637 725 2722 πυνθάνομαι,
747 2639 872 2722 μέλλει,
894 2647 942 2713 τίς
963 2630 1006 2701 άν
1028 2645 1077 2720 εἰη

126 2747 277 2819 τοιοῦτος
288 2735 415 2824 ἰατρδς,
438 2735 529 2816 ὅστις
536 2743 583 2824 τῷ
595 2743 754 2804 νοσοῦντι
763 2733 885 2820 μεταξύ
897 2733 959 2818 μὲν
971 2729 1077 2800 ἀσθε-

127 2845 245 2905 νοῦντι
263 2837 368 2923 μηδὲν
385 2834 626 2923 συμβουλεύοι,
648 2833 902 2919 τελευτήσαντος
919 2829 955 2899 δὲ
971 2827 1076 2900 αύτοῦ

125 2937 238 3005 έλδάν
248 2941 294 3014 εἰς
303 2932 343 3003 τά
355 2941 455 3004 ἔνατα
466 2938 579 3014 διεξίοι
590 2933 673 3020 πρὸς
681 2930 760 3011 τούς
770 2938 923 3017 οἰκείους,
936 2928 957 2999 ά
968 2933 1078 3015 ἐπιτή-
1094 2942 1146 2998 618

57 3056 108 3110 226
128 3035 248 3114 δεύσας
263 3031 359 3121 ὑγιής
376 3030 421 3103 ἀν
437 3037 576 3120 ἐγένετο.
599 3032 725 3101 σαυτὸν
742 3028 773 3099 δ’
794 3030 857 3099 ούα
880 3029 1076 3117 ἀντερωτᾷς,

124 3141 175 3214 τίς
186 3129 290 3220 ἀνείη
307 3131 504 3220 δημαγωγὸς
520 3141 687 3216 τοιοῦτος,
709 3129 799 3208 ὅστις
814 3127 876 3197 τόν
892 3128 952 3213 μέν
971 3132 1077 3213 δήμου

125 3240 302 3301 θωπεῦσαι
313 3231 467 3316 δύναιτο,
489 3229 569 3310 τούς
580 3232 616 3300 δὲ
628 3227 781 3314 καιρούς,
803 3231 842 3294 έν
856 3222 905 3304 οἷς
920 3219 965 3312 ήν
976 3226 1077 3304 σύζε-

126 3340 208 3399 σθαι
219 3331 281 3416 τήν
291 3329 407 3414 πόλιν,
418 3328 592 3416 ἀποδοῖτο,
604 3323 724 3408 τούςδ’
736 3320 776 3394 εύ
786 3332 997 3412 φρονοῦντας
1007 3349 1076 3390 κω-

125 3429 202 3499 λύοι
213 3429 403 3517 διαβάλλων
412 3429 665 3515 συμβουλεύειν,
677 3421 825 3509 ἀποδράς
836 3420 867 3490 δ’
882 3425 918 3491 ἐκ
927 3428 1077 3489 τῦνκιν-

124 3516 1081 3614 δύνωνκαίτήγπόλινάνήκέστοιςκακοίςπεριβαλάνάξιοῑ
