2442 3948
76 246 170 314 126⁷.
226 247 315 298 ΠΕΡΙ
333 247 409 301 ΤΟΥ
426 248 710 300 ΑΠΟΛΛΟΔΩΡΟΤ
727 249 890 300 ΚΛΗΡΟΤ.
993 254 1033 318 99

76 447 166 508 μοις,
194 413 238 499 63
264 421 299 487 οί
321 399 460 508 φυλέται
485 416 605 501 πάντες
632 429 750 491 ἴσασιν.
791 417 845 502 Ὡς
874 418 905 492 δ’
924 417 1035 511 ἀληθῆ

76 521 182 607 λέγω,
200 516 292 587 κάλει
310 546 364 607 μοι
381 517 507 590 τούτων
524 516 600 600 τούς
617 517 793 612 μάρτυρας.

452 684 659 736 ΜΑΡΤΤΡΕΣ.

162 821 209 893 Τά
240 824 301 913 μὲν
326 818 467 916 ἡμέτερα
494 831 623 912 δίκαια,
650 821 729 894 καθ’
757 820 779 894 6
778 823 1033 947 προσηκόντως
1050 841 1084 896 37

77 932 168 1013 ἔχειν
185 921 362 1014 φαμὲντδν
373 928 506 1017 κλῆρον,
525 927 607 996 ταῦτ
610 913 791 1014 ’ἐστίν,
764 953 788 994 ω
807 922 941 1017 ἄνδρες·
962 924 1032 997 δεό-

77 1037 168 1114 μεθα
186 1019 256 1094 6'‘
236 1027 330 1114 υμῶν
348 1032 488 1114 βοηθεῖν
505 1020 583 1115 ἡμῖν
600 1027 653 1095 καί
673 1028 770 1094 ἕνεκα
784 1022 1032 1150 Ἀπολλοδώρου

80 1127 174 1194 καὶ”
154 1153 250 1195 ενεκα
266 1153 325 1195 του
314 1127 470 1196 ἐκείνου
488 1124 621 1216 πατρός·
639 1121 680 1196 06
697 1122 758 1215 γάρ
776 1122 955 1215 ἀχρήστους
972 1125 1030 1198 αὖ·

80 1223 158 1307 τούς
184 1221 338 1315 εὑρήσετε
363 1234 514 1314 πολίτας,
541 1221 616 1296 ἀλλ’
635 1221 678 1307 63
696 1221 768 1296 οἷόν
784 1221 814 1294 τ’
834 1233 879 1306 είς
896 1225 935 1296 τά
952 1223 1030 1317 666-

78 1354 158 1416 τερα
175 1324 454 1416 προθυμοτάτους.
490 1322 507 1397 6
525 1326 586 1416 μὲν
603 1323 666 1417 γάρ
683 1322 790 1417 πατὴρ
803 1321 907 1395 αὐτοῦ
922 1326 979 1408 τάς
996 1356 1031 1398 τε
1048 1351 1083 1406 38

79 1424 179 1507 άλλως
206 1422 333 1507 ἀπάσας
359 1434 562 1518 λειτουργίας
580 1425 843 1517 λελειτούργηκε,
871 1429 926 1496 καὶ
942 1455 1030 1519 τριη-

80 1529 212 1617 ραρχεῖν
237 1523 295 1596 τδν
321 1524 428 1597 πάντα
452 1525 572 1617 χρόνον
591 1529 789 1616 διετέλεσεν,
816 1523 878 1597 οὐκ
897 1531 932 1597 ἐκ
949 1549 1030 1618 συμ-

79 1635 195 1717 μορίας
211 1624 272 1716 τὴν
288 1629 375 1698 ναῦν
391 1625 608 1717 ποιησάμενος
627 1623 736 1716 ὥσπερ
753 1632 786 1697 oc
799 1631 882 1751 666,
900 1624 975 1698 ἀλλ’
995 1633 1030 1700 ἐκ

79 1730 145 1797 τοῖν
163 1723 266 1796 αὐτου
254 1727 459 1814 δαπανιὸν,
485 1724 567 1798 0666
595 1725 748 1817 δεύτερος
766 1724 863 1808 αὐτὸς
881 1723 929 1799 ἀν
947 1726 1030 1800 ἀλλά

80 1826 160 1897 κατά
186 1826 302 1928 μόνας,
329 1823 409 1898 0666
436 1826 497 1898 660
515 1834 570 1915 ἐτη
588 1825 748 1898 διαλιπδν
773 1824 855 1897 ἀλλά
871 1833 1028 1919 συνεχως,

79 1925 158 1998 066'
191 1925 430 2018 ἀφοσιούμενος
460 1923 534 1997 ἀλλ’
562 1922 605 2008 63
630 1923 805 1997 οἷόυτ”’
785 1949 900 2018 αριστα
925 1954 1029 2019 παρα·

79 2027 321 2118 σκευαζόμενος.
357 2024 437 2098 ἀνθ’
457 2017 505 2098 οἷν
522 2023 617 2117 ὑμεῖς
634 2023 788 2097 κάκεῖνον
807 2030 948 2117 ἐτιμᾶτε,
958 2056 1030 2151 ‚2⁹⁶

78 2131 237 2220 μνημένοι
261 2125 388 2198 τούτων
413 2129 479 2198 τοῖν
505 2135 629 2219 ἔργων,
664 2124 777 2197 καὶ
744 2156 802 2198 τον
827 2124 902 2198 υίδν
925 2125 1030 2200 αὐτοῦ

78 2233 143 2301 των
160 2227 335 2320 χρημάτων
359 2224 644 2354 ἀποστερούμενον
663 2225 823 2352 ἐσώσατε,
843 2225 920 2310 τοάς
938 2237 1028 2320 ἔχον·
1088 2301 1094 2317 ,

78 2359 134 2412 τας
157 2327 341 2401 ἀποδοῦναι
363 2325 401 2398 τά
421 2325 492 2400 ὄντ’
524 2325 615 2422 αάτιὶ
636 2328 947 2416 καταναγκάσαντες.
972 2333 1027 2400 καὶ
1045 2355 1078 2410 39

77 2429 142 2520 μὴν
169 2431 223 2502 καὶ
248 2425 346 2510 αάτδς
368 2425 610 2519 Ἀπολλόδωρος
634 2425 695 2518 οὐχ
721 2425 830 2519 ὥσπερ
848 2428 1028 2518 Προνάπης

77 2528 288 2621 ἀπεγράψατο
305 2530 366 2618 μὲν
382 2537 504 2618 τίμημα
521 2528 654 2618 μικρόν,
673 2524 716 2608 63
730 2527 856 2598 ίππάδα
875 2530 912 2596 δὲ
923 2533 1028 2600 τελῶν

75 2629 190 2721 ἀρχειν
213 2627 305 2720 ἠξίου
327 2626 383 2710 τάς
401 2625 518 2718 ἀρχάς,
541 2624 621 2697 0666
644 2634 701 2717 βία
718 2629 779 2715 μὲν
798 2624 951 2714 ἐζήτει
915 2656 954 2696 τα
971 2625 1027 2697 ἀλ·

76 2728 181 2824 λόπρι’
202 2724 336 2820 ἐχειυ,’
316 2757 401 2816 υμας
416 2724 448 2797 δ
467 2723 547 2820 ἀετο
567 2732 638 2797 δεῖν
650 2728 755 2815 μηδὲν
767 2722 926 2816 ἀφελεῖν,
944 2724 1028 2798 ἀλλά

76 2828 207 2956 φανερά
223 2828 263 2901 τά
279 2825 358 2901 ὄντα
375 2826 578 2917 καταστήσας
595 2822 690 2916 ὑμῖν,
709 2821 770 2897 ὅσα
787 2825 1025 2919 προστάττοιτε,

75 2929 190 3004 πάνθ’
187 2926 355 3050 ‚6666‘16
373 2936 568 3021 φιλοτίμως,
595 2923 743 3000 ουδέν
712 2957 731 2997 τ
763 2924 888 2999 ἀδικεῖν
907 2933 1006 3016 ἐκ
959 2959 1026 3001 των

77 3036 199 3104 ἑαυτου
187 3035 394 3122 φιλοτίμως
412 3033 560 3122 ἐπειρᾶτο
577 3032 647 3120 ζῇν,
666 3038 711 3112 είς
723 3024 826 3099 αδτδν
842 3060 865 3119 μ
867 3029 904 3098 ἐν
920 3060 960 3102 τα
948 3028 1025 3120 μέ·

75 3163 149 3226 τρια
166 3130 356 3203 ἀναλίσκειν
377 3129 525 3222 οἰόμενος
548 3136 635 3220 δεῖν,
659 3127 748 3200 τάδ’
772 3127 854 3200 ἀλλα
876 3159 915 3220 τη
904 3129 1027 3202 πόλει

76 3250 277 3358 περιποιεῖν,
311 3237 368 3302 ινα
396 3234 544 3323 ἐξαρκοίη
573 3228 654 3318 πρδς
677 3227 733 3312 τάς
757 3227 913 3310 δαπάνας.
965 3226 1027 3298 κάκ
1044 3247 1077 3300 40

76 3334 202 3406 τούτων
219 3341 293 3405 τίνα
304 3327 561 3423 λειτουργίαυ’
521 3359 583 3402 ουκ
595 3329 895 3421 ἐξελειτοάργησεις
913 3323 935 3419 6
951 3335 1026 3400 τίνα

78 3430 236 3557 εἰσφοράν
261 3430 323 3504 οὐκ
349 3437 385 3503 ἐν
402 3430 542 3525 πράτοις
560 3430 767 3521 είσήνεμκευς
793 3456 814 3517 η
837 3458 854 3497 τ
857 3431 1026 3523 ίπαραλέ·

78 3545 190 3608 λοιπον
208 3524 256 3605 ἀν
273 3537 454 3625 προσῆκενς
477 3527 513 3613 63
529 3559 568 3621 γε
586 3535 641 3603 καὶ
658 3532 802 3623 παιδικῷ
822 3530 911 3624 χορῷ
930 3558 1025 3622 χορη-

826 3646 870 3709 7*
