2474 3946
365 246 489 305 ΚΑΤΑ
511 245 729 306 ΤΙΜΑΡΧΟ
740 247 773 306 Τ.
1002 245 1043 307 23

86 407 166 494 ἐγώ.
187 411 279 493 ἔτυχε
298 401 334 474 σέ
350 405 424 474 τότε
440 405 652 490 συμπλεύσας
670 411 716 484 είς
734 403 977 496 Ἑλλήσποντον
985 433 1045 474 τα·
1061 485 1065 492 Ι

89 511 167 592 μίας
181 505 398 594 Τιμομάχῳ
368 511 415 570 τεῖ
422 502 609 592 Ἀχαρνεῖ
577 509 623 570 τά
633 502 904 590 στρατηγήσαντι,
916 506 972 574 καὶ
983 496 1043 590 ἧκε

89 609 192 688 δεῦρο
205 598 486 687 άπολελανκάς,“
462 626 507 681 ως
518 605 705 686 λέγεται,
665 625 723 687 της
737 603 867 669 ἐκείνου
878 600 997 689 εάηθεί
994 629 1042 689 ας,

91 708 177 788 ἔχων
193 697 256 770 οὐκ
274 698 428 779 ἐλάττους
443 726 464 785 η
451 693 683 785 ὀγδοήκοντα
692 706 778 784 μνᾶς
788 698 967 786 άργνρίοο·
989 703 1044 769 καλ

90 801 220 886 τρόπον
240 797 313 867 τινά
331 797 392 885 οὐχ
408 793 528 885 ἥκιστα
547 807 650 876 αίτιος
669 800 798 883 ἐγένετο
818 789 917 876 οὗτος
941 804 1044 883 Τιμο-

32 913 71 968 57
89 899 182 986 μάγῳ
204 904 261 983 τῆς
282 902 465 983 συμφοράς.
486 891 534 963 66
555 893 586 963 δ’
606 897 644 963 ἐν
659 894 797 982 τοιαύτη
815 893 968 985 άφθονίηι
988 899 1044 964 καλ

93 1002 222 1084 φοιτῶν
244 991 368 1072 οἱς-τὸν
388 991 597 1062 Πιττάλακον
617 991 891 1081 σνγκνβεντὴν”
869 1019 967 1082 οντα,
989 995 1044 1063 καὶ

91 1100 214 1163 τοῦτον
229 1093 298 1160 ἐκεί
311 1099 445 1176 πρῶτον
458 1089 556 1179 ίδάν,
574 1089 664 1179 ἥσθη
675 1091 775 1160 τεκαὶ
786 1091 976 1179 ἐπεθύμησε
989 1094 1050 1161 καί

94 1189 264 1278 ἐβουλήθη
276 1186 320 1271 63
331 1187 641 1278 αὑτόνάναλαβείν,
659 1196 719 1258 καί
726 1215 795 1268 πως
807 1198 885 1268 ἴσως
894 1187 1042 1279 ἡγήσατο

95 1289 179 1359 elva»
190 1286 475 1376 αὐτὸνέγγύςτῆς
488 1287 594 1358 αὑτοῦ
611 1288 751 1376 φάσεως.
764 1295 898 1375 πρῶτον
908 1291 970 1374 μὲν
980 1283 1045 1356 οὖν

93 1415 137 1478 τῳ
124 1387 344 1478 Πιτταλακμ
355 1389 508 1474 θιελεχθη
520 1387 678 1473 θεομενος
687 1391 897 1470 παραδοῦναι
907 1411 1044 1454 τουτον

94 1456 181 1565 636’
194 1483 257 1554 οὐκ
267 1491 401 1553 ἔπειθεν
411 1482 532 1571 αὐτον
544 1483 634 1576 αὐτῷ
645 1486 752 1578 τούτῳ
766 1488 977 1579 προσβάλλει,
990 1487 1048 1554 καί

94 1581 134 1652 ου’
155 1579 265 1650 πολὺν
290 1577 442 1702 άνήλωσε
468 1581 608 1668 χρόνον,
637 1582 710 1651 ἀλλ’
735 1585 840 1663 εὐθὺς
867 1588 1045 1652 ἐπεπείκει

92 1676 198 1748 καλ
157 1705 222 1766 γαρ
235 1683 281 1758 τίς
290 1672 373 1750 6616
385 1676 422 1746 τὸ
433 1688 567 1799 πρᾶγμα
585 1680 677 1768 δεινὴ
695 1679 825 1767 ἡκακία
835 1681 920 1751 καλ’
901 1688 1045 1768 απιστία,
1064 1695 1096 1750 81

46 1791 82 1847 58
96 1776 252 1846 ὥστεκαὶ
275 1777 308 1855 ἐξ
331 1773 444 1842 αὐτῶν
466 1777 595 1844 τούτων
619 1773 798 1856 είκότος’“
776 1802 820 1844 αν
840 1772 977 1863 μισοῖτο.
1003 1775 1048 1857 63

96 1876 127 1945 6
141 1875 330 1964 απηλλακτο
341 1876 416 1963 μὲν
414 1900 503 1964 παρα
514 1901 575 1944 τοο
562 1875 796 1944 Πιττάλακον
802 1874 1001 1963 ανείληπτο
1012 1875 1048 1942 δὲ

95 1977 161 2047 οπο
172 2003 234 2046 τον
244 1974 494 2064 Ἡγησάνδρου,
504 1973 664 2050 ὠδυνᾶτο
673 1973 802 2062 ,οἷμαι,
813 1971 1049 2053 ὁΠιττάλαπος

94 2072 566 2198 τοσοῦτονάργάριονμάτην,
590 2101 659 2164 ως
643 2098 729 2142 πετο
736 2123 746 2159 ,
770 2069 967 2170 άνηλωκάς,
991 2073 1046 2140 καλ

96 2173 332 2261 ἑζηλοτυπει
295 2200 337 2241 τα
346 2175 527 2261 γιγνομενα
537 2177 592 2243 καί
603 2177 718 2261 ἐφοίτα
730 2175 782 2242 ἐπὶ
792 2167 1014 2260 τηνοίκιαν
994 2197 1046 2240 οτι

96 2272 132 2341 δὲ
150 2269 261 2350 αὐτοῖς
274 2269 431 2359 ἠνώχλει,
454 2275 624 2354 σκέψασθε
643 2271 794 2359 μεγάλην
814 2271 930 2358 ῥώμην
945 2266 1049 2390 Ηγη-
1064 2283 1101 2336 82

97 2371 309 2458 σάνθρουκαλ
321 2372 502 2458 Τιμάρχου
516 2375 743 2458 μεθνσθεντες
752 2395 817 2455 γαρ
828 2393 907 2436 ποτε
918 2371 973 2436 καλ
986 2365 1051 2432 αὐ-

95 2472 149 2540 τοί
164 2475 218 2538 καλ
227 2479 296 2539 τοῖν
307 2475 552 2559 συγκυβευτῶν
554 2496 641 2548 τινες
652 2471 707 2536 καλ
720 2467 831 2552 άλλοι,
855 2457 904 2534 ὦν
913 2490 955 2532 ον
945 2463 1052 2550 ’βού-

47 2586 78 2640 59
95 2582 195 2658 λομαι
212 2569 252 2640 τά
269 2569 416 2657 ὀνόματα
433 2573 595 2691 λέγειν,ε
580 2566 837 2666 είσπηθησαντες
852 2562 1050 2644 νύκτωρς
1004 2566 1050 2639 είς

95 2698 159 2758 την
169 2676 294 2757 οἰκίαν,
316 2661 477 2760 οὗῷκειο
465 2659 719 2748 ’Πιττάλακος,
726 2661 1049 2745 πράτονμὲνσννέ-

97 2777 215 2858 τριβον
242 2767 282 2838 τά
303 2767 464 2855 σκευάρια
485 2767 540 2834 καλ
563 2769 776 2851 διερρίπτουν
803 2766 850 2839 είς
869 2759 931 2848 τὴν
953 2753 1047 2844 ὁιλόν,

96 2864 327 2990 ἀστραγάλους
342 2870 381 2938 τί
396 2893 489 2946 τινας
505 2869 709 2984 διασείστους
720 2863 774 2930 καί
785 2858 907 2949 φιμοὺς
919 2859 974 2930 καί
986 2883 1049 2926 κυ-
1068 2874 1105 2930 83

94 2963 262 3054 βευτικα
244 2991 339 3054 ετερυ
347 2991 484 3052 οργανα,
495 2967 551 3033 καὶ
559 2989 638 3042 τους
648 2987 791 3048 ορτυγας
800 2962 856 3030 καλ
864 2986 942 3038 τους
951 2955 1052 3028 αλεκ-

95 3065 259 3149 τρυόνας,
288 3061 347 3143 063
373 3062 486 3150 ἠγάπα
505 3060 526 3138 ¹6
547 3066 837 3149 τρισκακοδαίμων
858 3058 1050 3143 ἄνθρωπος,

96 3159 360 3246 άπίκτειναν,τό
374 3163 409 3232 66
421 3170 609 3230 τελευταῖον
619 3162 780 3248 βήσαντες
790 3159 875 3244 πρὸς
886 3158 946 3225 τὸν
956 3162 1053 3223 κίονα
1081 3192 1085 3199 ·

6 3285 7 3292 “
96 3257 208 3352 αὐτὸν
220 3259 283 3329 τὸν
298 3262 511 3330 Πιττάλακον
526 3265 725 3348 ἐμαστίγουν
740 3255 799 3337 τάς
815 3260 848 3337 ἐξ
859 3251 1054 3335 άνθράππν

97 3356 228 3446 πληγάς
243 3357 333 3427 οὕτω
350 3359 460 3448 πολύν
473 3359 613 3445 χρόνον,
637 3356 721 3425 ὥστε
738 3355 794 3424 καί
810 3352 889 3430 τοὺς
903 3354 1054 3437 γείτονας

48 3467 80 3519 60
97 3459 283 3526 αἰσθέσθαι
299 3465 356 3546 τῆς
372 3466 528 3544 κραυγῆς.
550 3464 591 3545 τῇ
606 3453 638 3524 6’
660 3453 818 3544 ὑστεραίᾳ
840 3447 1055 3540 υπεραγανιι-
