2510 3948
317 313 450 371 ΚΑΤΑ
471 313 501 370 Κ
509 313 631 370 ΤΗΣΙ
636 313 851 372 ΦόίΝΤΟΣ.
1004 311 1065 378 179

93 477 215 542 πέντε.
240 468 315 540 ἀλλ’
335 469 408 558 οὐχί
426 467 443 537 ὁ
461 469 646 556 Κέφαλοςό
661 471 801 551 παλαιός
810 474 952 558 ἐκεῖνος,
974 471 1064 542 ‹300-

95 579 180 640 κάν
197 569 461 656 δημοτικώτατος
475 573 665 657 γεγονέναι,
688 569 749 656 οὑχ
767 569 888 657 οὕτως,
912 570 986 642 ἀλλ’
1010 577 1062 643 ἐπὶ

97 683 176 748 τοῖς
192 669 355 748 ἐναντίοις
369 672 603 756 ἐφιλοτιμεῖτο,
626 666 789 756 λέγων,”
768 694 820 738 οτι
830 677 966 738 πλείστα
976 695 1063 740 ααν

100 794 178 836 των
192 767 370 855 γεγραφὺς
384 777 579 857 ψηφίσματα
596 768 755 857 οὐδεμίαν
772 771 906 840 τιεόαοτε
928 773 1063 860 γραφήν

104 871 256 952 πέφευγε
278 867 502 991 παρανόμων,
523 875 649 952 καλῶς,
673 866 778 957 οἶμαι,
801 867 1060 957 σεμνυνόμενος.

105 966 345 1053 ἐγράφοντο
305 994 370 1056 γαρ
382 966 546 1055 ἀλλήλους
557 969 763 1056 παρανόμων
773 968 815 1038 οὑ
825 969 933 1056 μόνον
945 973 980 1037 οί
988 973 1061 1038 θια-

106 1063 375 1153 πολιτευόμενοι,
402 1065 487 1136 άλλά
504 1069 559 1135 καὶ
578 1071 667 1135 οίί
626 1093 651 1153 φ
653 1074 717 1136 ίλοι
733 1067 813 1147 τοὺς
828 1075 962 1155 φίλους,
985 1079 1019 1138 εί
1030 1095 1062 1137 τι
1079 1077 1130 1132 584

6 1177 85 1234 196
107 1162 369 1249 ἐξαμαρτάνοιεν
385 1171 431 1244 είς
447 1161 510 1252 τήν
526 1166 634 1234 πόλιν.
658 1169 789 1234 ἐνείθεν
809 1165 844 1235 δὲ
860 1173 959 1235 τοῦτο
971 1167 1062 1253 γνά-

106 1271 219 1330 σεσθε.
239 1258 385 1348 Ἀρχῖνος
394 1260 536 1348 γάρὺἐιι
545 1269 668 1349 Κοίλης
678 1263 844 1349 ἐγράψατο
855 1266 1061 1352 παρανόμων
1172 1257 1175 1264 ’

107 1361 352 1449 Θρασύβουλον
373 1358 435 1431 τόν
455 1368 592 1449 Στειριά
628 1362 803 1448 γράψαντά
824 1389 856 1431 τι
873 1362 962 1448 παρά
983 1364 1062 1442 τοὺς
1076 1363 1127 1418 58⁵

105 1459 249 1548 νόμους,
273 1463 332 1529 ἕνα
349 1468 418 1530 τῶν
435 1464 734 1548 συγκατελθόντων
749 1462 842 1552 αὑτῷ
858 1463 924 1534 άνὺ
936 1471 1060 1552 Φυλῆς,

107 1561 165 1628 uui
181 1552 246 1629 εἷλε
260 1561 379 1628 νεωστὶ
396 1563 627 1646 γεγενημένων
650 1559 739 1653 αὑτῷ
760 1572 829 1632 τοῖν
851 1562 1060 1652 εὐεργεσιῶν,

106 1654 148 1736 άς
159 1655 220 1745 οὑχ
231 1655 470 1744 ὑπελογίσαντο
482 1661 517 1726 ολ
523 1663 674 1728 δικασταί
681 1687 687 1700 ·
701 1657 846 1749 ἡγοῦντο
858 1662 934 1751 γάρ,
948 1660 1060 1749 ὥσπερ

105 1754 181 1823 τότε
199 1753 323 1835 αὑτοὺς
342 1752 530 1840 φεύγοντας
546 1754 610 1824 άαὸ
625 1764 738 1844 Φυλῆς
749 1762 988 1847 Θρασύβουλος
998 1787 1060 1828 να-

104 1855 268 1938 τήγαγεν,
292 1850 380 1919 οὕτω
398 1860 464 1920 νὺν
482 1855 643 1938 μένοντας
659 1856 849 1934 ἐξελαύνειν
870 1856 960 1943 παρὰ
983 1857 1061 1935 τοὺς

18 1969 84 2024 196
104 1949 236 2034 νόμους
246 1949 421 2036 γράφοντά
430 1976 470 2018 τι.
482 1947 559 2020 ἀλλ’
572 1949 614 2019 οὑ
626 1961 709 2040 νῦν,
728 1951 800 2022 ἀλλ’
813 1952 904 2021 άτιαν
914 1950 1060 2022 τούναν-

105 2058 181 2119 τίον
191 2055 351 2134 γίγνεται·
375 2053 410 2118 ολ
423 2049 489 2138 γάρ
500 2048 623 2136 άγαθοί
634 2048 1061 2138 στρατηγολὺμοῐνιιαλτάν

107 2147 166 2228 τὰς
183 2147 326 2236 σιτήσεις
339 2150 427 2229 τινὲς
440 2147 633 2236 εὑρημένων
650 2151 687 2218 ἐν
701 2156 750 2240 τῷ
766 2155 954 2238 πρυτανείῳ
972 2151 1060 2228 ἐξαι-

107 2248 312 2328 τοῦνταιτάς
322 2247 535 2336 γραφὰςτοῖν
549 2249 770 2336 παρανόμων,
791 2243 851 2327 οὑς
868 2243 961 2340 ὑμεῖς
977 2244 1058 2332 άχα-

108 2354 241 2433 ρίστους
251 2347 336 2416 εἶναι
347 2352 482 2428 δικαίως
492 2346 537 2418 άν
547 2344 831 2436 ὑπολαμβάνοιτε·
845 2352 875 2414 εί
884 2341 950 2431 γάρ
961 2371 1010 2422 τις
1021 2347 1058 2410 ἐν

107 2451 311 2536 δημοκρατία
330 2449 557 2533 τετιμημένος,
578 2449 615 2513 ἐν
632 2445 769 2531 τοιαύτη
785 2448 912 2511 πολιτεί
910 2467 949 2530 ᾳ,
972 2437 1015 2526 ήν
1028 2443 1061 2506 ολ

106 2543 342 2612 θεολιιαίοί’
300 2568 399 2630 νομοι
410 2543 569 2628 στάζουσι,
591 2547 695 2630 τολμᾷ
713 2546 853 2626 βοηθεῖν
870 2551 937 2617 τοῖς
950 2538 1059 2621 παρά·-

106 2667 193 2730 νομα
203 2641 388 2729 γράφουσι,
406 2638 563 2709 τιαταλυει
572 2664 635 2724 την
645 2644 828 2718 πολιτείαν
847 2632 909 2721 ὑφ’
921 2627 962 2722 ής
974 2642 1059 2703 τετί·

38 2747 89 2820 197
105 2768 212 2829 μηται
240 2749 288 2821 τίς
310 2734 375 2810 οὑν
396 2739 625 2808 ἀποδέδεικται
645 2736 743 2822 λόγος
763 2732 860 2816 άνόρί
881 2733 1058 2823 συνηγόρῳ
1076 2743 1126 2798 586

107 2844 197 2908 διτταί
196 2841 288 2930 ρειαί
305 2838 472 2926 σώφρονες
491 2835 554 2923 ἐγώ
568 2838 659 2915 λέξω.
683 2841 730 2913 είς
739 2838 813 2920 τρία
826 2836 908 2919 μέρη
923 2837 1060 2918 ὑιαιρεί-
1075 2842 1126 2900 οθλ

106 2967 158 3007 ται
178 2967 199 3027 η
187 2937 382 3028 ήμέρα,”
361 2966 443 3008 οταν
460 2945 545 3025 είσίη
561 2931 673 3055 γραφή
685 2933 888 3022 παρανόμων
900 2939 945 3012 εἰς
955 2958 992 2999 το
982 2929 1056 2998 ὑι-

105 3038 295 3126 ιιαστήριου.
319 3040 459 3124 ἐγχεῖται
474 3035 540 3124 γὰρ
556 3062 594 3103 το
584 3033 673 3120 μὲν
691 3059 824 3116 αρυτον
835 3030 970 3148 ὕδωρ
939 3037 987 3096 τά
997 3056 1060 3097 τια-

106 3135 238 3226 τηγόρςο
249 3137 304 3204 ααλ
314 3150 381 3214 τοις
393 3136 510 3220 νόμοις
519 3134 574 3202 καὶ
585 3158 625 3220 τη
612 3135 858 3218 ’ὑημοιιρατίρη
877 3152 915 3195 το
905 3096 970 3196 δέ
979 3126 1058 3198 δεό-

106 3260 205 3322 τερον
214 3233 308 3317 ὕδωρ
319 3241 366 3323 τρλ
377 3233 440 3319 τήν
449 3229 584 3318 γραφήν
595 3231 755 3316 φεόγοντι
771 3230 904 3305 καὶτοῖς
917 3233 963 3306 εἰς
974 3226 1055 3294 αὑτό

105 3335 143 3400 τὸ
162 3340 298 3419 τράγμα
316 3335 485 3415 λέγουσιν·
509 3327 645 3398 εἀειόὺυ
662 3328 698 3397 δὲ
714 3334 756 3415 τῇ
773 3325 887 3414 τράτη
897 3325 1000 3416 ψήφῳ
1010 3325 1054 3411 μή

106 3441 198 3522 λυθή
214 3433 252 3501 τό
271 3430 483 3518 παράνομον,
504 3427 570 3516 ήδη
585 3425 623 3495 τὸ
640 3432 752 3514 τρίτον
763 3422 854 3509 ὕδωρ
870 3426 1007 3509 ἐγχεῖται
1017 3431 1057 3511 τῇ

41 3553 88 3609 198
106 3532 237 3619 τιμήσει
252 3534 307 3600 ιιαλ
323 3536 369 3621 τῷ
381 3532 516 3617 μεγέθει
526 3535 585 3614 τής
597 3523 700 3613 όργής
709 3531 767 3611 τῆς
777 3523 946 3676 ὑμεῖεέρβς.
969 3522 1059 3603 ὅστις
