<?xml version="1.0" encoding="UTF-8"?>
<!DOCTYPE html PUBLIC "-//W3C//DTD XHTML 1.0 Transitional//EN"
    "http://www.w3.org/TR/xhtml1/DTD/xhtml1-transitional.dtd">
<html xmlns="http://www.w3.org/1999/xhtml" xml:lang="en" lang="en">
 <head>
  <title>
</title>
<meta http-equiv="Content-Type" content="text/html;charset=utf-8" />
  <meta name='ocr-system' content='tesseract 3.04.00' />
  <meta name='ocr-capabilities' content='ocr_page ocr_carea ocr_par ocr_line ocrx_word'/>
</head>
<body>
  <div class='ocr_page' id='page_1' title='image "./isaeiorationesc00isaegoog_0078.png"; bbox 0 0 2444 3946; ppageno 0'>
   <div class='ocr_carea' id='block_1_1' title="bbox 86 245 1007 314">
    <p class='ocr_par' dir='ltr' id='par_1_1' title="bbox 86 245 1007 314">
     <span class='ocr_line' id='line_1_1' title="bbox 86 245 1007 314; baseline 0.004 -19"><span class='ocrx_word' id='word_1_1' title='bbox 86 245 129 296; x_wconf 65' lang='grc' dir='ltr'><strong><em>οι.</em></strong></span> <span class='ocrx_word' id='word_1_2' title='bbox 149 246 168 296; x_wconf 91' lang='lat'><strong><em>1.</em></strong></span> <span class='ocrx_word' id='word_1_3' title='bbox 241 248 330 297; x_wconf 69' lang='grc' dir='ltr'>ΠΕΡΙ</span> <span class='ocrx_word' id='word_1_4' title='bbox 347 247 423 298; x_wconf 76' lang='grc' dir='ltr'><strong><em>νου</em></strong></span> <span class='ocrx_word' id='word_1_5' title='bbox 441 246 676 298; x_wconf 62' lang='lat' dir='ltr'><strong><em>mmmm</em></strong></span> <span class='ocrx_word' id='word_1_6' title='bbox 694 245 859 298; x_wconf 73' lang='grc' dir='ltr'><strong><em>κεεεον.</em></strong></span> <span class='ocrx_word' id='word_1_7' title='bbox 990 255 1007 314; x_wconf 94' lang='lat'>1</span> 
     </span>
    </p>
   </div>
   <div class='ocr_carea' id='block_1_2' title="bbox 85 414 1141 912">
    <p class='ocr_par' dir='ltr' id='par_1_2' title="bbox 85 414 1141 912">
     <span class='ocr_line' id='line_1_2' title="bbox 85 414 1031 510; baseline 0.007 -25"><span class='ocrx_word' id='word_1_8' title='bbox 85 414 201 488; x_wconf 79' lang='grc' dir='ltr'><strong><em>ἅτασαν</em></strong></span> <span class='ocrx_word' id='word_1_9' title='bbox 222 418 400 507; x_wconf 76' lang='grc' dir='ltr'><em>βεβαιώσει</em></span> <span class='ocrx_word' id='word_1_10' title='bbox 423 416 484 508; x_wconf 79' lang='grc' dir='ltr'><strong><em>την</em></strong></span> <span class='ocrx_word' id='word_1_11' title='bbox 501 415 635 504; x_wconf 87' lang='grc' dir='ltr'><strong><em>ούσίαν;</em></strong></span> <span class='ocrx_word' id='word_1_12' title='bbox 661 423 716 489; x_wconf 82' lang='grc' dir='ltr'><strong><em>καὶ</em></strong></span> <span class='ocrx_word' id='word_1_13' title='bbox 733 417 871 501; x_wconf 80' lang='grc' dir='ltr'><strong><em>τούτους</em></strong></span> <span class='ocrx_word' id='word_1_14' title='bbox 888 421 949 510; x_wconf 75' lang='grc' dir='ltr'><strong><em>μὲν</em></strong></span> <span class='ocrx_word' id='word_1_15' title='bbox 966 423 1031 492; x_wconf 83' lang='grc' dir='ltr'><strong><em>νύν</em></strong></span> 
     </span>
     <span class='ocr_line' id='line_1_3' title="bbox 86 515 1028 611; baseline 0.005 -25"><span class='ocrx_word' id='word_1_16' title='bbox 86 521 148 607; x_wconf 74' lang='grc' dir='ltr'><strong><em>περὶ</em></strong></span> <span class='ocrx_word' id='word_1_17' title='bbox 165 528 315 601; x_wconf 78' lang='grc' dir='ltr'><strong><em>πλείονος</em></strong></span> <span class='ocrx_word' id='word_1_18' title='bbox 333 531 501 591; x_wconf 75' lang='grc' dir='ltr'><strong><em>ποιεῖσθαι</em></strong></span> <span class='ocrx_word' id='word_1_19' title='bbox 518 517 638 608; x_wconf 80' lang='grc' dir='ltr'><strong><em>ταύτης</em></strong></span> <span class='ocrx_word' id='word_1_20' title='bbox 655 515 804 607; x_wconf 79' lang='grc' dir='ltr'><strong><em>ὑπούσης</em></strong></span> <span class='ocrx_word' id='word_1_21' title='bbox 821 524 878 608; x_wconf 80' lang='grc' dir='ltr'><strong><em>τῆς</em></strong></span> <span class='ocrx_word' id='word_1_22' title='bbox 896 527 1028 611; x_wconf 75' lang='grc' dir='ltr'><strong><em>ἔχθρας,</em></strong></span> 
     </span>
     <span class='ocr_line' id='line_1_4' title="bbox 87 614 1141 713; baseline 0.005 -24"><span class='ocrx_word' id='word_1_23' title='bbox 87 614 154 708; x_wconf 78' lang='grc' dir='ltr'><strong><em>ἡμᾶς</em></strong></span> <span class='ocrx_word' id='word_1_24' title='bbox 177 622 213 691; x_wconf 71' lang='grc' dir='ltr'><strong><em>δὲ</em></strong></span> <span class='ocrx_word' id='word_1_25' title='bbox 235 620 396 710; x_wconf 82' lang='grc' dir='ltr'><strong><em>τοσαύτης</em></strong></span> <span class='ocrx_word' id='word_1_26' title='bbox 419 619 615 709; x_wconf 80' lang='grc' dir='ltr'><strong><em>οἰκειότητος</em></strong></span> <span class='ocrx_word' id='word_1_27' title='bbox 638 624 693 690; x_wconf 82' lang='grc' dir='ltr'><strong><em>καλ</em></strong></span> <span class='ocrx_word' id='word_1_28' title='bbox 715 627 829 710; x_wconf 79' lang='grc' dir='ltr'><strong><em>φιλίας</em></strong></span> <span class='ocrx_word' id='word_1_29' title='bbox 851 625 1029 713; x_wconf 80' lang='grc' dir='ltr'><em>γενομένης</em></span> <span class='ocrx_word' id='word_1_30' title='bbox 1138 687 1141 694; x_wconf 79' lang='grc'><strong><em>,</em></strong></span> 
     </span>
     <span class='ocr_line' id='line_1_5' title="bbox 87 716 1081 811; baseline 0.004 -23"><span class='ocrx_word' id='word_1_31' title='bbox 87 723 248 810; x_wconf 73' lang='grc' dir='ltr'><strong><em>πειρᾶσθαι</em></strong></span> <span class='ocrx_word' id='word_1_32' title='bbox 270 726 395 811; x_wconf 81' lang='grc' dir='ltr'><strong><em>μᾶλλον</em></strong></span> <span class='ocrx_word' id='word_1_33' title='bbox 413 726 520 803; x_wconf 72' lang='grc' dir='ltr'><strong><em>κακῶς</em></strong></span> <span class='ocrx_word' id='word_1_34' title='bbox 538 739 662 808; x_wconf 82' lang='grc' dir='ltr'><strong><em>τιοιεῑν;</em></strong></span> <span class='ocrx_word' id='word_1_35' title='bbox 679 716 768 792; x_wconf 73' lang='grc' dir='ltr'><strong><em>Ἀλλ’</em></strong></span> <span class='ocrx_word' id='word_1_36' title='bbox 786 729 907 810; x_wconf 80' lang='grc' dir='ltr'><strong><em>ἔγωγε,</em></strong></span> <span class='ocrx_word' id='word_1_37' title='bbox 927 730 957 792; x_wconf 81' lang='grc' dir='ltr'><strong><em>εί</em></strong></span> <span class='ocrx_word' id='word_1_38' title='bbox 974 752 1029 792; x_wconf 89' lang='grc' dir='ltr'><strong><em>κα-</em></strong></span> <span class='ocrx_word' id='word_1_39' title='bbox 1048 748 1081 799; x_wconf 81' lang='lat'><strong><em>34</em></strong></span> 
     </span>
     <span class='ocr_line' id='line_1_6' title="bbox 86 819 1028 912; baseline 0.007 -25"><span class='ocrx_word' id='word_1_40' title='bbox 86 839 221 912; x_wconf 83' lang='grc' dir='ltr'><strong><em>τηγορεῑν</em></strong></span> <span class='ocrx_word' id='word_1_41' title='bbox 245 821 422 912; x_wconf 80' lang='grc' dir='ltr'><strong><em>ἐβούλοντο</em></strong></span> <span class='ocrx_word' id='word_1_42' title='bbox 444 827 513 894; x_wconf 67' lang='grc' dir='ltr'><strong><em>τοῖν</em></strong></span> <span class='ocrx_word' id='word_1_43' title='bbox 531 826 704 912; x_wconf 72' lang='grc' dir='ltr'><strong><em>διαθηκῶν</em></strong></span> <span class='ocrx_word' id='word_1_44' title='bbox 727 819 826 912; x_wconf 80' lang='grc' dir='ltr'><strong><em>ἢτοῦ</em></strong></span> <span class='ocrx_word' id='word_1_45' title='bbox 841 834 1028 912; x_wconf 87' lang='grc' dir='ltr'><strong><em>τετελευτη-</em></strong></span> 
     </span>
    </p>
   </div>
   <div class='ocr_carea' id='block_1_3' title="bbox 73 919 1092 3637">
    <p class='ocr_par' dir='ltr' id='par_1_3' title="bbox 76 919 1092 2329">
     <span class='ocr_line' id='line_1_7' title="bbox 86 919 1029 1014; baseline 0.006 -25"><span class='ocrx_word' id='word_1_46' title='bbox 86 921 179 1012; x_wconf 84' lang='grc' dir='ltr'><strong><em>κότος,</em></strong></span> <span class='ocrx_word' id='word_1_47' title='bbox 203 921 265 994; x_wconf 88' lang='grc' dir='ltr'><strong><em>ούκ</em></strong></span> <span class='ocrx_word' id='word_1_48' title='bbox 282 921 349 994; x_wconf 82' lang='grc' dir='ltr'><strong><em>οἷδ’</em></strong></span> <span class='ocrx_word' id='word_1_49' title='bbox 367 921 387 994; x_wconf 84' lang='lat'><strong><em>6</em></strong></span> <span class='ocrx_word' id='word_1_50' title='bbox 403 954 434 995; x_wconf 91' lang='grc' dir='ltr'><strong><em>τι</em></strong></span> <span class='ocrx_word' id='word_1_51' title='bbox 457 920 500 994; x_wconf 81' lang='grc' dir='ltr'><strong><em>ἂν</em></strong></span> <span class='ocrx_word' id='word_1_52' title='bbox 517 921 596 994; x_wconf 73' lang='grc' dir='ltr'><strong><em>ἄλλο</em></strong></span> <span class='ocrx_word' id='word_1_53' title='bbox 613 922 694 1014; x_wconf 82' lang='grc' dir='ltr'><strong><em>πρὸς</em></strong></span> <span class='ocrx_word' id='word_1_54' title='bbox 711 919 795 1014; x_wconf 85' lang='grc' dir='ltr'><strong><em>ύμᾶς</em></strong></span> <span class='ocrx_word' id='word_1_55' title='bbox 814 923 924 1013; x_wconf 82' lang='grc' dir='ltr'><strong><em>εἶκον,</em></strong></span> <span class='ocrx_word' id='word_1_56' title='bbox 942 931 977 995; x_wconf 81' lang='grc' dir='ltr'><strong><em>οἵ</em></strong></span> <span class='ocrx_word' id='word_1_57' title='bbox 990 952 1029 1013; x_wconf 92' lang='grc' dir='ltr'><strong><em>γε</em></strong></span> 
     </span>
     <span class='ocr_line' id='line_1_8' title="bbox 85 1019 1028 1116; baseline 0.006 -26"><span class='ocrx_word' id='word_1_58' title='bbox 85 1019 133 1102; x_wconf 74' lang='grc' dir='ltr'><strong><em>τὰς</em></strong></span> <span class='ocrx_word' id='word_1_59' title='bbox 149 1025 307 1114; x_wconf 73' lang='grc' dir='ltr'><strong><em>διαθήκας</em></strong></span> <span class='ocrx_word' id='word_1_60' title='bbox 330 1027 392 1115; x_wconf 76' lang='grc' dir='ltr'><strong><em>μέν</em></strong></span> <span class='ocrx_word' id='word_1_61' title='bbox 408 1023 654 1115; x_wconf 72' lang='grc' dir='ltr'><strong><em>ἀποφαίνουσιν</em></strong></span> <span class='ocrx_word' id='word_1_62' title='bbox 671 1022 742 1095; x_wconf 80' lang='grc' dir='ltr'><strong><em>οὔτ’</em></strong></span> <span class='ocrx_word' id='word_1_63' title='bbox 761 1023 872 1115; x_wconf 69' lang='grc' dir='ltr'><strong><em>ὀρθῶς</em></strong></span> <span class='ocrx_word' id='word_1_64' title='bbox 892 1025 1028 1116; x_wconf 77' lang='grc' dir='ltr'><strong><em>ἐχούσας</em></strong></span> 
     </span>
     <span class='ocr_line' id='line_1_9' title="bbox 85 1120 1029 1220; baseline 0.007 -29"><span class='ocrx_word' id='word_1_65' title='bbox 85 1120 145 1192; x_wconf 78' lang='grc' dir='ltr'><strong><em>οὔτ’</em></strong></span> <span class='ocrx_word' id='word_1_66' title='bbox 171 1123 374 1216; x_wconf 88' lang='grc' dir='ltr'><strong><em>ιἰρεσκούσας</em></strong></span> <span class='ocrx_word' id='word_1_67' title='bbox 402 1132 449 1220; x_wconf 76' lang='grc' dir='ltr'><strong><em>τῷ</em></strong></span> <span class='ocrx_word' id='word_1_68' title='bbox 476 1130 681 1220; x_wconf 79' lang='grc' dir='ltr'><strong><em>διαθεμὲνφ,</em></strong></span> <span class='ocrx_word' id='word_1_69' title='bbox 709 1129 770 1196; x_wconf 82' lang='grc' dir='ltr'><strong><em>τοῦ</em></strong></span> <span class='ocrx_word' id='word_1_70' title='bbox 800 1128 836 1196; x_wconf 79' lang='grc' dir='ltr'><strong><em>δὲ</em></strong></span> <span class='ocrx_word' id='word_1_71' title='bbox 864 1126 1029 1216; x_wconf 75' lang='grc' dir='ltr'><strong><em>τοσαύτην</em></strong></span> 
     </span>
     <span class='ocr_line' id='line_1_10' title="bbox 82 1223 1027 1320; baseline 0.005 -27"><span class='ocrx_word' id='word_1_72' title='bbox 82 1233 191 1311; x_wconf 88' lang='grc' dir='ltr'><strong><em>μανίαν</em></strong></span> <span class='ocrx_word' id='word_1_73' title='bbox 208 1231 463 1320; x_wconf 81' lang='grc' dir='ltr'><strong><em>κατηγοροῦσιν,</em></strong></span> <span class='ocrx_word' id='word_1_74' title='bbox 489 1225 573 1298; x_wconf 76' lang='grc' dir='ltr'><strong><em>ὥστε</em></strong></span> <span class='ocrx_word' id='word_1_75' title='bbox 596 1230 701 1317; x_wconf 78' lang='grc' dir='ltr'><strong><em>φασὶν</em></strong></span> <span class='ocrx_word' id='word_1_76' title='bbox 724 1223 827 1297; x_wconf 88' lang='grc' dir='ltr'><strong><em>αύτδν</em></strong></span> <span class='ocrx_word' id='word_1_77' title='bbox 844 1230 920 1318; x_wconf 79' lang='grc' dir='ltr'><strong><em>περὶ</em></strong></span> <span class='ocrx_word' id='word_1_78' title='bbox 938 1236 1027 1298; x_wconf 85' lang='grc' dir='ltr'><strong><em>πλεί-</em></strong></span> 
     </span>
     <span class='ocr_line' id='line_1_11' title="bbox 81 1323 1057 1423; baseline 0.004 -28"><span class='ocrx_word' id='word_1_79' title='bbox 81 1353 148 1407; x_wconf 87' lang='grc' dir='ltr'><strong><em>ονος</em></strong></span> <span class='ocrx_word' id='word_1_80' title='bbox 166 1341 333 1398; x_wconf 74' lang='grc' dir='ltr'><strong><em>ποιεῖσθαι</em></strong></span> <span class='ocrx_word' id='word_1_81' title='bbox 355 1328 432 1410; x_wconf 86' lang='grc' dir='ltr'><strong><em>τούς</em></strong></span> <span class='ocrx_word' id='word_1_82' title='bbox 456 1325 547 1423; x_wconf 76' lang='grc' dir='ltr'><strong><em>αύτῷ</em></strong></span> <span class='ocrx_word' id='word_1_83' title='bbox 569 1331 827 1421; x_wconf 76' lang='grc' dir='ltr'><strong><em>διαφερομένους</em></strong></span> <span class='ocrx_word' id='word_1_84' title='bbox 843 1323 865 1416; x_wconf 76' lang='grc' dir='ltr'><em>ἢ</em></span> <span class='ocrx_word' id='word_1_85' title='bbox 882 1327 959 1410; x_wconf 85' lang='grc' dir='ltr'><strong><em>τούς</em></strong></span> <span class='ocrx_word' id='word_1_86' title='bbox 981 1337 1027 1400; x_wconf 83' lang='grc' dir='ltr'><strong><em>οἰ·</em></strong></span> <span class='ocrx_word' id='word_1_87' title='bbox 1054 1386 1057 1392; x_wconf 93' lang='grc'><em>.</em></span> 
     </span>
     <span class='ocr_line' id='line_1_12' title="bbox 81 1425 1072 1520; baseline 0.005 -25"><span class='ocrx_word' id='word_1_88' title='bbox 81 1435 165 1508; x_wconf 87' lang='grc' dir='ltr'><strong><em>κείως</em></strong></span> <span class='ocrx_word' id='word_1_89' title='bbox 191 1432 396 1520; x_wconf 79' lang='grc' dir='ltr'><strong><em>χρωμένους,</em></strong></span> <span class='ocrx_word' id='word_1_90' title='bbox 427 1433 482 1500; x_wconf 83' lang='grc' dir='ltr'><strong><em>καὶ</em></strong></span> <span class='ocrx_word' id='word_1_91' title='bbox 510 1427 560 1511; x_wconf 87' lang='grc' dir='ltr'><strong><em>οἷς</em></strong></span> <span class='ocrx_word' id='word_1_92' title='bbox 588 1431 650 1519; x_wconf 70' lang='grc' dir='ltr'><strong><em>μὲν</em></strong></span> <span class='ocrx_word' id='word_1_93' title='bbox 672 1433 737 1515; x_wconf 77' lang='grc' dir='ltr'><strong><em>ζων</em></strong></span> <span class='ocrx_word' id='word_1_94' title='bbox 758 1425 839 1499; x_wconf 75' lang='grc' dir='ltr'><strong><em>οὐδὲ</em></strong></span> <span class='ocrx_word' id='word_1_95' title='bbox 864 1433 1027 1518; x_wconf 76' lang='grc' dir='ltr'><strong><em>διελέγετο</em></strong></span> <span class='ocrx_word' id='word_1_96' title='bbox 1070 1465 1072 1478; x_wconf 89' lang='grc'><strong><em>·</em></strong></span> 
     </span>
     <span class='ocr_line' id='line_1_13' title="bbox 80 1523 1027 1619; baseline 0.008 -25"><span class='ocrx_word' id='word_1_97' title='bbox 80 1523 198 1600; x_wconf 75' lang='grc' dir='ltr'><strong><em>ἅπασαν</em></strong></span> <span class='ocrx_word' id='word_1_98' title='bbox 223 1534 340 1602; x_wconf 85' lang='grc' dir='ltr'><strong><em>δούναι</em></strong></span> <span class='ocrx_word' id='word_1_99' title='bbox 363 1560 425 1619; x_wconf 91' lang='grc' dir='ltr'><strong><em>την</em></strong></span> <span class='ocrx_word' id='word_1_100' title='bbox 447 1528 582 1616; x_wconf 87' lang='grc' dir='ltr'><strong><em>ούσίαν,</em></strong></span> <span class='ocrx_word' id='word_1_101' title='bbox 611 1529 687 1612; x_wconf 87' lang='grc' dir='ltr'><strong><em>τούς</em></strong></span> <span class='ocrx_word' id='word_1_102' title='bbox 713 1527 744 1600; x_wconf 86' lang='grc' dir='ltr'><strong><em>δ’</em></strong></span> <span class='ocrx_word' id='word_1_103' title='bbox 769 1529 952 1604; x_wconf 73' lang='grc' dir='ltr'><strong><em>οἰκειότατα</em></strong></span> <span class='ocrx_word' id='word_1_104' title='bbox 975 1559 1027 1601; x_wconf 89' lang='grc' dir='ltr'><strong><em>κε-</em></strong></span> 
     </span>
     <span class='ocr_line' id='line_1_14' title="bbox 79 1628 1078 1803; baseline 0.003 -104"><span class='ocrx_word' id='word_1_105' title='bbox 79 1633 248 1718; x_wconf 84' lang='grc' dir='ltr'><strong><em>χρημένους</em></strong></span> <span class='ocrx_word' id='word_1_106' title='bbox 265 1628 346 1703; x_wconf 76' lang='grc' dir='ltr'><strong><em>ούδὲ</em></strong></span> <span class='ocrx_word' id='word_1_107' title='bbox 363 1637 546 1702; x_wconf 77' lang='grc' dir='ltr'><strong><em>πολλοστοῦ</em></strong></span> <span class='ocrx_word' id='word_1_108' title='bbox 562 1635 692 1803; x_wconf 81' lang='grc' dir='ltr'><strong><em>μέρους</em></strong></span> <span class='ocrx_word' id='word_1_109' title='bbox 699 1628 841 1716; x_wconf 74' lang='grc' dir='ltr'><strong><em>ἀξιώσαι.</em></strong></span> <span class='ocrx_word' id='word_1_110' title='bbox 878 1629 962 1702; x_wconf 74' lang='grc' dir='ltr'><strong><em>ὥστε</em></strong></span> <span class='ocrx_word' id='word_1_111' title='bbox 978 1641 1028 1714; x_wconf 88' lang='grc' dir='ltr'><strong><em>τίς</em></strong></span> <span class='ocrx_word' id='word_1_112' title='bbox 1045 1651 1078 1702; x_wconf 82' lang='grc'><strong><em>35</em></strong></span> 
     </span>
     <span class='ocr_line' id='line_1_15' title="bbox 79 1723 1026 1855; baseline 0.007 -59"><span class='ocrx_word' id='word_1_113' title='bbox 79 1723 118 1797; x_wconf 78' lang='grc' dir='ltr'><strong><em>ἂν</em></strong></span> <span class='ocrx_word' id='word_1_114' title='bbox 136 1726 225 1820; x_wconf 83' lang='grc' dir='ltr'><strong><em>ύμων</em></strong></span> <span class='ocrx_word' id='word_1_115' title='bbox 254 1732 376 1814; x_wconf 91' lang='grc' dir='ltr'><strong><em>ταύτας</em></strong></span> <span class='ocrx_word' id='word_1_116' title='bbox 403 1733 487 1804; x_wconf 84' lang='grc' dir='ltr'><strong><em>εἶναι</em></strong></span> <span class='ocrx_word' id='word_1_117' title='bbox 516 1739 634 1823; x_wconf 87' lang='grc' dir='ltr'><strong><em>κυρίας</em></strong></span> <span class='ocrx_word' id='word_1_118' title='bbox 656 1731 713 1814; x_wconf 81' lang='grc' dir='ltr'><strong><em>τὰς</em></strong></span> <span class='ocrx_word' id='word_1_119' title='bbox 738 1732 901 1821; x_wconf 78' lang='grc' dir='ltr'><strong><em>διαθηκας</em></strong></span> <span class='ocrx_word' id='word_1_120' title='bbox 925 1742 1026 1855; x_wconf 78' lang='grc' dir='ltr'><strong><em>ψηφί-</em></strong></span> 
     </span>
     <span class='ocr_line' id='line_1_16' title="bbox 79 1828 1027 1924; baseline 0.003 -24"><span class='ocrx_word' id='word_1_121' title='bbox 79 1850 177 1920; x_wconf 86' lang='grc' dir='ltr'><strong><em>σαιτο,</em></strong></span> <span class='ocrx_word' id='word_1_122' title='bbox 200 1829 238 1914; x_wconf 79' lang='grc' dir='ltr'><strong><em>οἷς</em></strong></span> <span class='ocrx_word' id='word_1_123' title='bbox 260 1830 357 1924; x_wconf 71' lang='grc' dir='ltr'><strong><em>ὁμέν</em></strong></span> <span class='ocrx_word' id='word_1_124' title='bbox 382 1828 626 1924; x_wconf 68' lang='grc' dir='ltr'><strong><em>διαθέμενος’</em></strong></span> <span class='ocrx_word' id='word_1_125' title='bbox 602 1863 646 1915; x_wconf 89' lang='grc' dir='ltr'><strong><em>ως</em></strong></span> <span class='ocrx_word' id='word_1_126' title='bbox 674 1830 735 1904; x_wconf 87' lang='grc' dir='ltr'><strong><em>ούκ</em></strong></span> <span class='ocrx_word' id='word_1_127' title='bbox 756 1831 867 1922; x_wconf 77' lang='grc' dir='ltr'><strong><em>ὀρθαῖς</em></strong></span> <span class='ocrx_word' id='word_1_128' title='bbox 891 1833 1027 1923; x_wconf 80' lang='grc' dir='ltr'><strong><em>ἐχούσας</em></strong></span> 
     </span>
     <span class='ocr_line' id='line_1_17' title="bbox 77 1925 1028 2056; baseline 0.006 -58"><span class='ocrx_word' id='word_1_129' title='bbox 77 1925 387 2024; x_wconf 83' lang='grc' dir='ltr'><strong><em>ύτιεδοκίμασεν,</em></strong></span> <span class='ocrx_word' id='word_1_130' title='bbox 345 1964 436 2005; x_wconf 91' lang='grc' dir='ltr'><strong><em>ουτοι</em></strong></span> <span class='ocrx_word' id='word_1_131' title='bbox 451 1933 484 2004; x_wconf 91' lang='grc' dir='ltr'><strong><em>δ</em></strong></span> <span class='ocrx_word' id='word_1_132' title='bbox 504 1942 588 2028; x_wconf 77' lang='grc' dir='ltr'><strong><em>ἔργω</em></strong></span> <span class='ocrx_word' id='word_1_133' title='bbox 607 1933 746 2004; x_wconf 89' lang='grc' dir='ltr'><strong><em>λύουσιν</em></strong></span> <span class='ocrx_word' id='word_1_134' title='bbox 760 1930 966 2014; x_wconf 80' lang='grc' dir='ltr'><strong><em>ἐθέλοντες</em></strong></span> <span class='ocrx_word' id='word_1_135' title='bbox 948 1951 1028 2056; x_wconf 80' lang='grc' dir='ltr'><strong><em>ημῖν</em></strong></span> 
     </span>
     <span class='ocr_line' id='line_1_18' title="bbox 78 2029 1092 2128; baseline 0.006 -28"><span class='ocrx_word' id='word_1_136' title='bbox 78 2039 332 2124; x_wconf 79' lang='grc' dir='ltr'><strong><em>ίσομοιρησαι</em></strong></span> <span class='ocrx_word' id='word_1_137' title='bbox 290 2065 348 2125; x_wconf 90' lang='grc' dir='ltr'><strong><em>της</em></strong></span> <span class='ocrx_word' id='word_1_138' title='bbox 372 2034 504 2125; x_wconf 88' lang='grc' dir='ltr'><strong><em>ούσίας,</em></strong></span> <span class='ocrx_word' id='word_1_139' title='bbox 529 2034 610 2128; x_wconf 83' lang='grc' dir='ltr'><strong><em>τρδς</em></strong></span> <span class='ocrx_word' id='word_1_140' title='bbox 629 2036 666 2106; x_wconf 73' lang='grc' dir='ltr'><strong><em>δὲ</em></strong></span> <span class='ocrx_word' id='word_1_141' title='bbox 682 2034 810 2114; x_wconf 89' lang='grc' dir='ltr'><strong><em>τούτοις</em></strong></span> <span class='ocrx_word' id='word_1_142' title='bbox 827 2029 923 2124; x_wconf 87' lang='grc' dir='ltr'><strong><em>ημεῑς</em></strong></span> <span class='ocrx_word' id='word_1_143' title='bbox 945 2031 1026 2125; x_wconf 78' lang='grc' dir='ltr'><strong><em>ὑμῖν</em></strong></span> <span class='ocrx_word' id='word_1_144' title='bbox 1087 2037 1092 2046; x_wconf 76' lang='grc'><strong>’</strong></span> 
     </span>
     <span class='ocr_line' id='line_1_19' title="bbox 76 2129 1026 2230; baseline 0.006 -28"><span class='ocrx_word' id='word_1_145' title='bbox 76 2129 297 2227; x_wconf 83' lang='grc' dir='ltr'><strong><em>ιἰτοφαίνομεν</em></strong></span> <span class='ocrx_word' id='word_1_146' title='bbox 321 2141 471 2219; x_wconf 82' lang='grc' dir='ltr'><strong><em>ἐναντίας</em></strong></span> <span class='ocrx_word' id='word_1_147' title='bbox 493 2135 594 2219; x_wconf 86' lang='grc' dir='ltr'><strong><em>ούσας</em></strong></span> <span class='ocrx_word' id='word_1_148' title='bbox 618 2140 673 2207; x_wconf 83' lang='grc' dir='ltr'><strong><em>καὶ</em></strong></span> <span class='ocrx_word' id='word_1_149' title='bbox 696 2139 744 2229; x_wconf 76' lang='grc' dir='ltr'><strong><em>τῷ</em></strong></span> <span class='ocrx_word' id='word_1_150' title='bbox 765 2135 856 2230; x_wconf 82' lang='grc' dir='ltr'><strong><em>νόμω</em></strong></span> <span class='ocrx_word' id='word_1_151' title='bbox 878 2140 934 2208; x_wconf 82' lang='grc' dir='ltr'><strong><em>καὶ</em></strong></span> <span class='ocrx_word' id='word_1_152' title='bbox 957 2153 1026 2218; x_wconf 77' lang='grc' dir='ltr'><strong><em>τοῖς</em></strong></span> 
     </span>
     <span class='ocr_line' id='line_1_20' title="bbox 77 2207 864 2363; baseline 0.008 -61"><span class='ocrx_word' id='word_1_153' title='bbox 77 2239 205 2319; x_wconf 84' lang='grc' dir='ltr'><strong><em>δικαίοις</em></strong></span> <span class='ocrx_word' id='word_1_154' title='bbox 224 2241 340 2308; x_wconf 81' lang='grc' dir='ltr'><strong><em>καὶ</em></strong></span> <span class='ocrx_word' id='word_1_155' title='bbox 297 2267 337 2329; x_wconf 86' lang='grc' dir='ltr'><strong><em>τη</em></strong></span> <span class='ocrx_word' id='word_1_156' title='bbox 356 2268 415 2310; x_wconf 90' lang='grc' dir='ltr'><strong><em>του</em></strong></span> <span class='ocrx_word' id='word_1_157' title='bbox 403 2237 697 2363; x_wconf 80' lang='grc' dir='ltr'><strong><em>τελετευτηκύτος</em></strong></span> <span class='ocrx_word' id='word_1_158' title='bbox 717 2207 864 2330; x_wconf 80' lang='grc' dir='ltr'><strong><em>διανοίᾳ;</em></strong></span> 
     </span>
    </p>

    <p class='ocr_par' dir='ltr' id='par_1_4' title="bbox 73 2335 1078 3637">
     <span class='ocr_line' id='line_1_21' title="bbox 146 2335 1078 2431; baseline 0.002 -23"><span class='ocrx_word' id='word_1_159' title='bbox 146 2339 243 2428; x_wconf 82' lang='grc' dir='ltr'><strong><em>Οἶμαι</em></strong></span> <span class='ocrx_word' id='word_1_160' title='bbox 267 2335 342 2409; x_wconf 91' lang='grc' dir='ltr'><strong><em>δ’</em></strong></span> <span class='ocrx_word' id='word_1_161' title='bbox 320 2344 407 2429; x_wconf 78' lang='grc' dir='ltr'><strong><em>Ιυμοῖς</em></strong></span> <span class='ocrx_word' id='word_1_162' title='bbox 429 2338 465 2411; x_wconf 89' lang='grc' dir='ltr'><strong><em>τδ</em></strong></span> <span class='ocrx_word' id='word_1_163' title='bbox 489 2336 600 2431; x_wconf 82' lang='grc' dir='ltr'><strong><em>περὶ</em></strong></span> <span class='ocrx_word' id='word_1_164' title='bbox 582 2343 737 2429; x_wconf 74' lang='grc' dir='ltr'><strong><em>ημοῐνί</em></strong></span> <span class='ocrx_word' id='word_1_165' title='bbox 700 2345 829 2410; x_wconf 89' lang='grc' dir='ltr'><strong><em>δίκαιον</em></strong></span> <span class='ocrx_word' id='word_1_166' title='bbox 847 2335 1025 2428; x_wconf 75' lang='grc' dir='ltr'><strong><em>σαφέστατ’</em></strong></span> <span class='ocrx_word' id='word_1_167' title='bbox 1044 2359 1078 2410; x_wconf 86' lang='grc'><strong><em>36</em></strong></span> 
     </span>
     <span class='ocr_line' id='line_1_22' title="bbox 75 2429 1025 2529; baseline 0.002 -23"><span class='ocrx_word' id='word_1_168' title='bbox 75 2429 112 2505; x_wconf 78' lang='grc' dir='ltr'><strong><em>δν</em></strong></span> <span class='ocrx_word' id='word_1_169' title='bbox 129 2437 204 2529; x_wconf 79' lang='grc' dir='ltr'><strong><em>παρ’</em></strong></span> <span class='ocrx_word' id='word_1_170' title='bbox 223 2435 335 2511; x_wconf 75' lang='lat' dir='ltr'>oe6v6v</span> <span class='ocrx_word' id='word_1_171' title='bbox 348 2440 476 2513; x_wconf 91' lang='grc' dir='ltr'><strong><em>τούτων</em></strong></span> <span class='ocrx_word' id='word_1_172' title='bbox 493 2441 737 2512; x_wconf 77' lang='grc' dir='ltr'><strong><em>πυνθάνεσθαι.</em></strong></span> <span class='ocrx_word' id='word_1_173' title='bbox 774 2449 805 2510; x_wconf 85' lang='grc' dir='ltr'><strong><em>εί</em></strong></span> <span class='ocrx_word' id='word_1_174' title='bbox 821 2438 884 2528; x_wconf 79' lang='grc' dir='ltr'><strong><em>γάρ</em></strong></span> <span class='ocrx_word' id='word_1_175' title='bbox 901 2469 950 2520; x_wconf 93' lang='grc' dir='ltr'><strong><em>τις</em></strong></span> <span class='ocrx_word' id='word_1_176' title='bbox 967 2436 1025 2508; x_wconf 89' lang='grc' dir='ltr'><strong><em>αύ-</em></strong></span> 
     </span>
     <span class='ocr_line' id='line_1_23' title="bbox 75 2535 1026 2632; baseline 0.001 -24"><span class='ocrx_word' id='word_1_177' title='bbox 75 2535 143 2621; x_wconf 88' lang='grc' dir='ltr'><strong><em>τούς</em></strong></span> <span class='ocrx_word' id='word_1_178' title='bbox 167 2549 273 2632; x_wconf 81' lang='grc' dir='ltr'><strong><em>ἔροιτο</em></strong></span> <span class='ocrx_word' id='word_1_179' title='bbox 298 2539 354 2611; x_wconf 79' lang='grc' dir='ltr'><strong><em>διδ</em></strong></span> <span class='ocrx_word' id='word_1_180' title='bbox 371 2572 402 2612; x_wconf 91' lang='grc' dir='ltr'><strong><em>τι</em></strong></span> <span class='ocrx_word' id='word_1_181' title='bbox 397 2539 547 2625; x_wconf 83' lang='grc' dir='ltr'><strong><em>’ύξιούσι</em></strong></span> <span class='ocrx_word' id='word_1_182' title='bbox 569 2539 766 2630; x_wconf 86' lang='grc' dir='ltr'><strong><em>κληρονόμοι</em></strong></span> <span class='ocrx_word' id='word_1_183' title='bbox 783 2544 941 2628; x_wconf 77' lang='grc' dir='ltr'><strong><em>γενέσθαι</em></strong></span> <span class='ocrx_word' id='word_1_184' title='bbox 958 2544 1026 2610; x_wconf 78' lang='grc' dir='ltr'><strong><em>ταῖν</em></strong></span> 
     </span>
     <span class='ocr_line' id='line_1_24' title="bbox 75 2637 1026 2733; baseline 0.004 -27"><span class='ocrx_word' id='word_1_185' title='bbox 75 2640 288 2733; x_wconf 82' lang='grc' dir='ltr'><strong><em>Κλεωνύμου,</em></strong></span> <span class='ocrx_word' id='word_1_186' title='bbox 319 2639 410 2713; x_wconf 75' lang='grc' dir='ltr'><strong><em>τοῦτ’</em></strong></span> <span class='ocrx_word' id='word_1_187' title='bbox 440 2637 483 2711; x_wconf 78' lang='grc' dir='ltr'><strong><em>δν</em></strong></span> <span class='ocrx_word' id='word_1_188' title='bbox 506 2649 614 2712; x_wconf 72' lang='grc' dir='ltr'><strong><em>εἰπεῖν</em></strong></span> <span class='ocrx_word' id='word_1_189' title='bbox 639 2637 805 2730; x_wconf 82' lang='grc' dir='ltr'><strong><em>έχοιεν,”</em></strong></span> <span class='ocrx_word' id='word_1_190' title='bbox 786 2669 836 2710; x_wconf 90' lang='grc' dir='ltr'><strong><em>οτι</em></strong></span> <span class='ocrx_word' id='word_1_191' title='bbox 859 2643 914 2709; x_wconf 81' lang='grc' dir='ltr'><strong><em>καὶ</em></strong></span> <span class='ocrx_word' id='word_1_192' title='bbox 937 2644 1026 2728; x_wconf 81' lang='grc' dir='ltr'><strong><em>γένει</em></strong></span> 
     </span>
     <span class='ocr_line' id='line_1_25' title="bbox 75 2737 1026 2834; baseline -0.002 -22"><span class='ocrx_word' id='word_1_193' title='bbox 75 2744 171 2814; x_wconf 74' lang='grc' dir='ltr'><strong><em>ποθέν</em></strong></span> <span class='ocrx_word' id='word_1_194' title='bbox 199 2741 404 2834; x_wconf 83' lang='grc' dir='ltr'><strong><em>προσήκουσι</em></strong></span> <span class='ocrx_word' id='word_1_195' title='bbox 432 2745 487 2816; x_wconf 82' lang='grc' dir='ltr'><strong><em>καὶ</em></strong></span> <span class='ocrx_word' id='word_1_196' title='bbox 517 2747 643 2822; x_wconf 83' lang='grc' dir='ltr'><strong><em>ἐκεῖνος</em></strong></span> <span class='ocrx_word' id='word_1_197' title='bbox 672 2737 785 2822; x_wconf 79' lang='grc' dir='ltr'><strong><em>αύτοϊς</em></strong></span> <span class='ocrx_word' id='word_1_198' title='bbox 808 2740 928 2831; x_wconf 84' lang='grc' dir='ltr'><strong><em>χρόνον</em></strong></span> <span class='ocrx_word' id='word_1_199' title='bbox 951 2739 1026 2811; x_wconf 78' lang='grc' dir='ltr'><strong><em>τινὰ</em></strong></span> 
     </span>
     <span class='ocr_line' id='line_1_26' title="bbox 75 2837 1026 2934; baseline 0.007 -27"><span class='ocrx_word' id='word_1_200' title='bbox 75 2841 258 2931; x_wconf 78' lang='grc' dir='ltr'><strong><em>ἐπιτηδείως</em></strong></span> <span class='ocrx_word' id='word_1_201' title='bbox 284 2847 431 2915; x_wconf 89' lang='grc' dir='ltr'><strong><em>διέκειτο.</em></strong></span> <span class='ocrx_word' id='word_1_202' title='bbox 468 2840 530 2914; x_wconf 85' lang='grc' dir='ltr'><strong><em>ούκ</em></strong></span> <span class='ocrx_word' id='word_1_203' title='bbox 546 2838 590 2914; x_wconf 75' lang='grc' dir='ltr'><strong><em>ἂν</em></strong></span> <span class='ocrx_word' id='word_1_204' title='bbox 606 2840 670 2933; x_wconf 78' lang='grc' dir='ltr'><strong><em>ἄρα</em></strong></span> <span class='ocrx_word' id='word_1_205' title='bbox 687 2838 772 2934; x_wconf 77' lang='grc' dir='ltr'><strong><em>ὑπὲρ</em></strong></span> <span class='ocrx_word' id='word_1_206' title='bbox 790 2837 884 2933; x_wconf 72' lang='grc' dir='ltr'><strong><em>ἡμῶν</em></strong></span> <span class='ocrx_word' id='word_1_207' title='bbox 900 2846 1026 2933; x_wconf 72' lang='grc' dir='ltr'><strong><em>μᾶλλον</em></strong></span> 
     </span>
     <span class='ocr_line' id='line_1_27' title="bbox 73 2934 1075 3037; baseline 0 -23"><span class='ocrx_word' id='word_1_208' title='bbox 73 2934 187 3036; x_wconf 75' lang='grc' dir='ltr'><strong><em>ἢύτέρ</em></strong></span> <span class='ocrx_word' id='word_1_209' title='bbox 210 2949 307 3034; x_wconf 77' lang='grc' dir='ltr'><strong><em>σφων</em></strong></span> <span class='ocrx_word' id='word_1_210' title='bbox 335 2943 447 3017; x_wconf 73' lang='grc' dir='ltr'><strong><em>αύτοῖν</em></strong></span> <span class='ocrx_word' id='word_1_211' title='bbox 470 2945 538 3016; x_wconf 80' lang='grc' dir='ltr'><strong><em>εἶεν</em></strong></span> <span class='ocrx_word' id='word_1_212' title='bbox 562 2944 742 3036; x_wconf 60' lang='grc' dir='ltr'><strong><em>εἰρηκότας</em></strong></span> <span class='ocrx_word' id='word_1_213' title='bbox 766 2954 799 3014; x_wconf 79' lang='grc' dir='ltr'><strong><em>εί</em></strong></span> <span class='ocrx_word' id='word_1_214' title='bbox 822 2973 857 3014; x_wconf 86' lang='grc' dir='ltr'><strong><em>τε</em></strong></span> <span class='ocrx_word' id='word_1_215' title='bbox 882 2942 945 3037; x_wconf 78' lang='grc' dir='ltr'><strong><em>γὰρ</em></strong></span> <span class='ocrx_word' id='word_1_216' title='bbox 970 2942 1025 3014; x_wconf 77' lang='grc' dir='ltr'><strong><em>διὰ</em></strong></span> <span class='ocrx_word' id='word_1_217' title='bbox 1043 2955 1075 3007; x_wconf 80' lang='grc'><strong><em>37</em></strong></span> 
     </span>
     <span class='ocr_line' id='line_1_28' title="bbox 73 3039 1024 3137; baseline -0.002 -21"><span class='ocrx_word' id='word_1_218' title='bbox 73 3039 127 3129; x_wconf 69' lang='grc' dir='ltr'><strong><em>τὴν</em></strong></span> <span class='ocrx_word' id='word_1_219' title='bbox 147 3050 207 3116; x_wconf 81' lang='grc' dir='ltr'><strong><em>τού</em></strong></span> <span class='ocrx_word' id='word_1_220' title='bbox 228 3050 346 3135; x_wconf 88' lang='grc' dir='ltr'><strong><em>γένους</em></strong></span> <span class='ocrx_word' id='word_1_221' title='bbox 368 3043 557 3137; x_wconf 75' lang='grc' dir='ltr'><strong><em>ἀγχιστείαν</em></strong></span> <span class='ocrx_word' id='word_1_222' title='bbox 580 3053 635 3117; x_wconf 79' lang='grc' dir='ltr'><strong><em>δεῖ</em></strong></span> <span class='ocrx_word' id='word_1_223' title='bbox 655 3050 812 3134; x_wconf 78' lang='grc' dir='ltr'><strong><em>γενέσθαι</em></strong></span> <span class='ocrx_word' id='word_1_224' title='bbox 834 3044 925 3127; x_wconf 77' lang='grc' dir='ltr'><strong><em>τινὰς</em></strong></span> <span class='ocrx_word' id='word_1_225' title='bbox 948 3054 1024 3133; x_wconf 91' lang='grc' dir='ltr'><strong><em>κλη-</em></strong></span> 
     </span>
     <span class='ocr_line' id='line_1_29' title="bbox 75 3143 1023 3272; baseline 0.002 -59"><span class='ocrx_word' id='word_1_226' title='bbox 75 3144 242 3236; x_wconf 81' lang='grc' dir='ltr'><strong><em>ρονόμους,</em></strong></span> <span class='ocrx_word' id='word_1_227' title='bbox 274 3143 366 3238; x_wconf 79' lang='grc' dir='ltr'><strong><em>ἡμεῖς</em></strong></span> <span class='ocrx_word' id='word_1_228' title='bbox 390 3151 553 3272; x_wconf 80' lang='grc' dir='ltr'><strong><em>ἐγγυτέρω</em></strong></span> <span class='ocrx_word' id='word_1_229' title='bbox 577 3151 665 3235; x_wconf 86' lang='grc' dir='ltr'><strong><em>γένει</em></strong></span> <span class='ocrx_word' id='word_1_230' title='bbox 688 3146 942 3269; x_wconf 78' lang='grc' dir='ltr'><strong><em>προσήκομεν·</em></strong></span> <span class='ocrx_word' id='word_1_231' title='bbox 936 3157 969 3215; x_wconf 82' lang='grc' dir='ltr'><strong><em>εί</em></strong></span> <span class='ocrx_word' id='word_1_232' title='bbox 988 3174 1023 3215; x_wconf 91' lang='grc' dir='ltr'><strong><em>τε</em></strong></span> 
     </span>
     <span class='ocr_line' id='line_1_30' title="bbox 77 3242 1023 3340; baseline -0.001 -24"><span class='ocrx_word' id='word_1_233' title='bbox 77 3243 170 3315; x_wconf 74' lang='grc' dir='ltr'><strong><em>δια</em></strong></span> <span class='ocrx_word' id='word_1_234' title='bbox 135 3277 194 3336; x_wconf 91' lang='grc' dir='ltr'><strong><em>την</em></strong></span> <span class='ocrx_word' id='word_1_235' title='bbox 211 3256 328 3339; x_wconf 89' lang='grc' dir='ltr'><strong><em>φιλίαν</em></strong></span> <span class='ocrx_word' id='word_1_236' title='bbox 345 3278 406 3337; x_wconf 93' lang='grc' dir='ltr'><strong><em>την</em></strong></span> <span class='ocrx_word' id='word_1_237' title='bbox 423 3246 653 3340; x_wconf 78' lang='grc' dir='ltr'><strong><em>ὑπάρχουσαν,</em></strong></span> <span class='ocrx_word' id='word_1_238' title='bbox 673 3259 783 3318; x_wconf 83' lang='grc' dir='ltr'><strong><em>ίσασιν</em></strong></span> <span class='ocrx_word' id='word_1_239' title='bbox 801 3243 903 3317; x_wconf 85' lang='grc' dir='ltr'><strong><em>αύτόν</em></strong></span> <span class='ocrx_word' id='word_1_240' title='bbox 920 3242 1023 3316; x_wconf 73' lang='grc' dir='ltr'><strong><em>ἅπαν-</em></strong></span> 
     </span>
     <span class='ocr_line' id='line_1_31' title="bbox 75 3343 1022 3468; baseline -0.004 -48"><span class='ocrx_word' id='word_1_241' title='bbox 75 3370 120 3426; x_wconf 74' lang='grc' dir='ltr'><strong><em>τες</em></strong></span> <span class='ocrx_word' id='word_1_242' title='bbox 135 3343 214 3440; x_wconf 83' lang='grc' dir='ltr'><strong><em>ἡμῖν</em></strong></span> <span class='ocrx_word' id='word_1_243' title='bbox 231 3346 443 3439; x_wconf 78' lang='grc' dir='ltr'><strong><em>οἰκειότερον.</em></strong></span> <span class='ocrx_word' id='word_1_244' title='bbox 449 3356 667 3440; x_wconf 84' lang='grc' dir='ltr'><strong><em>διακείμενον.</em></strong></span> <span class='ocrx_word' id='word_1_245' title='bbox 706 3344 785 3418; x_wconf 79' lang='grc' dir='ltr'><strong><em>ὥστ’</em></strong></span> <span class='ocrx_word' id='word_1_246' title='bbox 804 3344 845 3417; x_wconf 90' lang='grc' dir='ltr'><strong><em>ού</em></strong></span> <span class='ocrx_word' id='word_1_247' title='bbox 863 3377 925 3468; x_wconf 83' lang='grc' dir='ltr'><strong><em>χρη</em></strong></span> <span class='ocrx_word' id='word_1_248' title='bbox 942 3343 1022 3438; x_wconf 84' lang='grc' dir='ltr'><strong><em>παρ’</em></strong></span> 
     </span>
     <span class='ocr_line' id='line_1_32' title="bbox 77 3437 1024 3564; baseline -0.003 -45"><span class='ocrx_word' id='word_1_249' title='bbox 77 3437 175 3564; x_wconf 75' lang='grc' dir='ltr'><strong><em>ημῶν,</em></strong></span> <span class='ocrx_word' id='word_1_250' title='bbox 197 3447 282 3520; x_wconf 75' lang='grc' dir='ltr'><strong><em>ἄλλα</em></strong></span> <span class='ocrx_word' id='word_1_251' title='bbox 306 3449 384 3541; x_wconf 81' lang='grc' dir='ltr'><strong><em>[καὶ]</em></strong></span> <span class='ocrx_word' id='word_1_252' title='bbox 409 3447 490 3540; x_wconf 78' lang='grc' dir='ltr'><strong><em>παρ’</em></strong></span> <span class='ocrx_word' id='word_1_253' title='bbox 510 3447 622 3521; x_wconf 80' lang='grc' dir='ltr'><strong><em>αύτιδν</em></strong></span> <span class='ocrx_word' id='word_1_254' title='bbox 644 3448 771 3519; x_wconf 85' lang='grc' dir='ltr'><strong><em>τούτων</em></strong></span> <span class='ocrx_word' id='word_1_255' title='bbox 788 3446 1024 3519; x_wconf 76' lang='grc' dir='ltr'><strong><em>πυνθάνεσθαι</em></strong></span> 
     </span>
     <span class='ocr_line' id='line_1_33' title="bbox 77 3541 1076 3637; baseline -0.004 -17"><span class='ocrx_word' id='word_1_256' title='bbox 77 3541 108 3613; x_wconf 75' lang='grc' dir='ltr'><strong><em>τό</em></strong></span> <span class='ocrx_word' id='word_1_257' title='bbox 131 3555 265 3623; x_wconf 87' lang='grc' dir='ltr'><strong><em>δίκαιον.</em></strong></span> <span class='ocrx_word' id='word_1_258' title='bbox 307 3549 452 3623; x_wconf 78' lang='grc' dir='ltr'><strong><em>Πάντων</em></strong></span> <span class='ocrx_word' id='word_1_259' title='bbox 477 3546 556 3621; x_wconf 77' lang='grc' dir='ltr'><strong><em>δ”“</em></strong></span> <span class='ocrx_word' id='word_1_260' title='bbox 535 3581 578 3620; x_wconf 90' lang='grc' dir='ltr'><strong><em>ον</em></strong></span> <span class='ocrx_word' id='word_1_261' title='bbox 602 3561 653 3637; x_wconf 82' lang='grc' dir='ltr'><strong><em>είη</em></strong></span> <span class='ocrx_word' id='word_1_262' title='bbox 679 3546 885 3637; x_wconf 86' lang='grc' dir='ltr'><strong><em>δεινότατον,</em></strong></span> <span class='ocrx_word' id='word_1_263' title='bbox 911 3555 941 3617; x_wconf 82' lang='grc' dir='ltr'><strong><em>εἰ</em></strong></span> <span class='ocrx_word' id='word_1_264' title='bbox 957 3563 1024 3627; x_wconf 83' lang='grc' dir='ltr'><strong><em>τοῖς</em></strong></span> <span class='ocrx_word' id='word_1_265' title='bbox 1041 3559 1076 3610; x_wconf 84' lang='grc'><strong><em>38</em></strong></span> 
     </span>
    </p>
   </div>
   <div class='ocr_carea' id='block_1_4' title="bbox 0 0 1226 3946">
    <p class='ocr_par' dir='ltr' id='par_1_5' title="bbox 0 0 1226 3946">
     <span class='ocr_line' id='line_1_34' title="bbox 0 0 1226 3946; baseline 0 3"><span class='ocrx_word' id='word_1_266' title='bbox 0 0 1226 3946; x_wconf 95' lang='lat' dir='ltr'><strong><em> </em></strong></span> 
     </span>
    </p>
   </div>
  </div>
 </body>
</html>
