2474 3946
297 294 417 352 ΠΕΡι
438 254 873 355 τ’τΑΡΑτιΡεεαεεΑε.
1017 295 1059 358 οε

27 470 87 524 124
195 444 364 530 Τίνεςούν
374 443 461 538 ἦσαν
471 454 508 518 αἱ
517 449 642 522 ἀπάται
661 458 781 539 (ταῦτα
791 452 856 539 γὰρ
866 461 928 523 τού
939 454 1060 542 γόητος

104 541 408 638 άνθρότουγέξύν
417 560 525 638 ιῖρηκε
535 558 726 637 λογίσασθε.
749 557 943 641 είσπλεῖυμέ
952 573 1057 643 φησιν
1076 572 1129 628 τῖε

104 655 141 718 ἐν
162 650 337 740 μονοξύλῳ
365 655 469 741 πλοίῳ
490 651 573 718 κατὰ
594 650 655 718 τόν
673 653 804 719 Λυδίαν
824 651 974 739 ποταμόν
999 663 1058 741 τῆς

104 746 228 827 νυκτός
249 745 293 827 ὡς
317 753 499 836 Φίλιππον,
522 751 577 816 καῖ
597 747 659 834 τῆν
680 747 856 835 ἐπιστολὴν
876 748 939 835 τῆν
957 755 1057 837 δεῦρο

104 848 276 914 ἐλθοῦσαν
294 853 447 934 Φιλίππῳ
467 846 602 932 γράφει.
626 844 790 932 όμλνγιὶρ
805 849 1020 934 Λεωσθένης,
1038 846 1055 915 c‘

105 945 244 1030 φεύγων
261 948 399 1014 ἐνθένδε
412 942 465 1012 διὰ
476 943 554 1024 τούς
565 943 794 1030 συκοφάντας,
808 943 851 1013 ού
862 946 1003 1026 δυνατός
1013 939 1058 1032 ῆν

104 1047 273 1123 ἐπιδεξίως
292 1042 471 1132 ἐπιστολῆν
491 1044 634 1131 γράψαι,
662 1040 707 1112 ὃν
728 1043 791 1114 οὐκ
812 1043 956 1120 όιινούσί
973 1071 1060 1124 τινες

105 1139 356 1228 ἀποφαίνεσθαι
366 1140 447 1230 μετὰ
459 1149 708 1228 Καλλίστρατον
719 1142 782 1212 τόν
788 1141 981 1231 Ἀφιδναῖον
989 1152 1060 1212 τῶν

33 1267 87 1320 125
107 1239 221 1310 ἄλλων
231 1241 373 1327 μάλιστα
384 1247 489 1310 εἰπεῖν
500 1243 684 1310 δύνασθαι·
705 1241 782 1311 οὐδ’
795 1240 925 1322 αὐτόςὸ
939 1249 1058 1311 Φίλιπ-

105 1363 183 1427 πος,
207 1338 291 1426 πρός
307 1338 348 1410 ὃν
363 1339 530 1410 ἀντειπεῖν
546 1347 770 1430 Δημοσθένης
786 1341 872 1429 ὑπὲρ
889 1340 984 1430 ὑμῶν
996 1340 1059 1410 οόκ

106 1441 275 1530 ἐδυνῆθη·
302 1440 375 1512 οὐδ’
396 1437 414 1511 δ
432 1444 611 1524 Βυζάντιος
619 1445 767 1531 Πύθων,
794 1443 976 1531 άνθρωπος
986 1446 1060 1529 περὶ
1076 1455 1129 1510 295

104 1541 145 1608 τό
163 1542 307 1628 γράφειν
324 1541 447 1627 λόγους
460 1547 544 1628 μέγα
562 1553 716 1629 φρονῶν·
739 1543 812 1615 ἀλλ’
833 1543 878 1624 σός
895 1549 997 1630 δοικε,
1020 1543 1058 1612 τό

103 1649 243 1727 πρᾶγμα
253 1645 335 1727 ἐμοῦ
346 1646 546 1727 προσεδεῖτο.
564 1645 620 1710 καῖ
632 1646 735 1729 λε’γεις
745 1646 822 1730 μὲν,
841 1642 893 1712 ότι
904 1650 1058 1732 Φιλίππῳ

100 1738 184 1827 μεθ’
203 1739 331 1826 ἡμέραν
347 1745 506 1820 πολλάκις
521 1739 623 1828 μόνος
633 1742 725 1830 μόνφ
737 1745 948 1828 διελεγόμην,
971 1749 1059 1831 ιιίτιῆι

99 1841 141 1907 δὲ
154 1843 300 1904 εἰσπλεῖν
309 1863 349 1923 με
359 1837 492 1922 νύκτωρ
503 1836 586 1906 κατά
596 1838 658 1906 τόν
666 1838 829 1925 ποταμόν·
842 1841 930 1908 οὕτω
941 1867 1060 1908 νυκτε-

37 1950 83 2006 126
105 1942 206 2022 ρινῆς
222 1938 394 2021 ἐπιστολῆς
406 1932 444 2002 τό
461 1943 596 2022 πρᾶγμα
615 1939 729 2004 ἐδεῖτο.
755 1934 807 2003 ότι
817 1936 846 2003 δ’
868 1933 1060 2024 ούδθνάλη·

104 2039 166 2112 θὲς
182 2034 304 2118 λέγεις,
326 2031 446 2120 ἥκουσι
456 2034 518 2120 μὲν
528 2034 796 2120 μαρτυρήσοντες
806 2032 885 2121 μεθ’
899 2028 948 2103 τόν
958 2054 1059 2103 συνε-

107 2137 239 2216 σίτουν,
254 2128 480 2218 Ἀγλαοκρέων
494 2130 512 2201 ὁ
533 2137 685 2213 Τενέδιος
695 2136 751 2203 καὶ
759 2132 942 2222 Ἰατροκλῆς
956 2132 1060 2202 ὁΠα-

107 2237 289 2315 σιφῶντος,
310 2228 390 2316 μεθ’
411 2223 460 2298 τόν
476 2232 548 2318 ἑξῆς
558 2231 689 2302 ἅπαντα
705 2259 767 2301 τον
782 2233 906 2320 χρόνον
922 2229 980 2312 τός
996 2232 1060 2300 νύ

108 2355 187 2407 πτας
196 2326 430 2416 ἀνεπαυόμην,
443 2336 477 2398 οἳ
486 2338 661 2400 συνίσασιν
671 2335 742 2418 ἐμοὶ
752 2337 915 2419 μηδεμίαν
926 2331 1059 2399 ποτ’πονε

106 2425 165 2494 ἀπ’
185 2427 297 2497 αὐτῶν
313 2429 420 2497 νύκτα
438 2427 673 2519 ἀπογενομένῳ
697 2430 779 2517 μηδὲ
799 2433 899 2516 μέρος
922 2428 1057 2504 νυκτός·

104 2523 239 2614 ἄγωμεν
254 2531 291 2596 δὲ
307 2531 363 2595 καὶ
379 2529 459 2606 τούς
474 2533 599 2606 οἰκέτας
616 2529 672 2595 καὶ
688 2532 923 2614 παραδιδῶμευ
940 2531 986 2604 είς
995 2525 1059 2612 βά-

106 2647 221 2695 σανον.
244 2629 300 2696 καὶ
309 2624 369 2695 τόν
379 2626 441 2712 μὲν
453 2626 565 2711 λόγον,
579 2633 609 2692 εἰ
619 2623 824 2709 συγχωρήσει
835 2620 854 2689 ὁ
865 2623 1059 2710 κατήγορος,
1076 2641 1128 2696 296

105 2722 277 2793 καταλύω·
289 2727 450 2808 παρέσται
460 2724 497 2790 δὲ
506 2722 571 2809 ἤδη
583 2720 601 2789 ό
612 2721 726 2808 δήμιος
736 2722 792 2789 καὶ
800 2723 1060 2807 βασανιεῖέναν-

105 2830 178 2891 τίον
190 2820 298 2909 ύμαῖν,
311 2816 354 2890 δν
365 2820 529 2908 κελεύητε.
551 2823 714 2906 ἐνδέχεται
730 2820 766 2890 δὲ
781 2819 818 2889 τὸ
829 2816 950 2888 λοιπόν
960 2820 1061 2906 μέρος

103 2915 1058 3008 τῆςῆμέραςταύταπράξαι·πρόςὲνδικαγάράμφορέαςέν
1085 2948 1098 2970 ε

42 3035 85 3092 Ιεῖ
105 3023 388 3108 διαμεμετρημένῃ
403 3027 445 3109 τῆ
464 3017 571 3111 ῆμέρη
588 3027 751 3108 κρίνομαι.
774 3015 1058 3104 κύνφῶσινάπό·
1076 3023 1128 3080 297

103 3120 219 3189 κοντόν
241 3146 281 3205 με
296 3122 439 3188 τουτωνὶ
458 3121 591 3190 πώποτε
607 3128 676 3190 τοῖν
693 3124 859 3188 συσσίτων
874 3121 1058 3206 γεγονέναι,

105 3218 151 3306 μὴ
163 3220 329 3305 φείσησθέ
337 3244 421 3305 μου,
433 3210 462 3285 οδ
475 3216 662 3304 Ἀθηναῖοι,
675 3214 748 3285 ἀλλ’
762 3212 964 3294 ἀναστάντες
974 3213 1061 3284 ύπο-

5 3381 6 3414 ,
105 3325 263 3388 κτείνατε.
275 3317 336 3386 ἐὰν
346 3315 377 3383 δ’
391 3318 586 3406 ἐξελεγχθῇς
596 3316 817 3402 ψευδόμενος,
828 3313 1059 3401 Δημόσθενες,

105 3421 266 3506 τοιαύτην
278 3422 375 3504 δίκην
385 3417 458 3496 δός·
470 3414 678 3504 ὁμολόγησον
690 3413 899 3500 ἀνδρόγυνος
910 3411 994 3482 εἶναι
1005 3417 1061 3481 καῖ

105 3520 150 3606 μῆ
164 3519 343 3605 ἐλεύθερος
354 3519 506 3585 ἐναντίον
516 3519 654 3585 τούτων.
672 3513 767 3582 κάλει
778 3539 834 3600 μοι
844 3509 923 3665 ταφῆς
935 3517 1061 3592 οινέιυς
