2444 3946
80 246 127 296 On.
148 246 170 295 1.
244 246 332 296 ΠΕΡΙ
349 246 426 297 ΤοΤ
443 245 679 298 ΚΛΕΩΝΤΜΟΤ
696 245 861 297 ΚΛΗΡΟΤ.
992 255 1009 314 1

78 415 204 488 ἅπασαν
226 417 401 507 βεβαιώσει
425 416 486 508 τὴν
503 414 638 504 ούσίαν;
662 422 718 488 καλ
736 417 873 500 τούτους
890 420 952 510 μὲν
968 423 1033 492 νύν

76 521 146 607 περὶ
165 527 317 600 πλείονος
335 532 504 590 ποιεῖσθαι
520 516 641 607 ταύτης
657 514 807 608 ὑπούσης
823 523 880 607 τῆς
899 527 1030 611 ἔχθρας,

76 614 153 708 ἡμᾶς
178 621 216 690 δὲ
238 619 398 709 τοσαύτης
420 619 618 708 οἰκειότητος
640 623 694 690 καὶ
717 627 831 709 φιλίας
853 625 1032 711 γενομένης
1140 687 1143 692 .

76 721 251 810 πειρᾶσθαι
273 725 397 810 μύλλου
415 725 522 802 κακῶς
541 739 664 807 ποιεῑυ;
681 715 770 792 Ἀλλ’
789 729 909 810 ἔγωγε,
929 730 959 792 εί
976 752 1031 792 κα·
1050 747 1083 799 34

75 824 224 912 τηγορεῖν
248 821 424 910 ἐβούλοντο
447 825 515 893 τοῖν
534 825 705 912 διαθηκῶν
729 818 828 911 ἢτοῦ
843 832 1030 913 τετελευτη

74 921 180 1011 κότος,
206 919 268 993 ούκ
285 920 351 993 οἶδ’
369 921 389 993 ὅ
405 954 436 994 τι
459 919 502 994 ἂν
519 921 598 994 ἄλλο
615 922 696 1014 πρὸς
713 918 797 1013 ύμᾶς
817 923 926 1014 εἶπον,
944 931 979 994 οἵ
993 953 1031 1013 γε

73 1020 126 1103 τὰς
144 1023 308 1112 διαθήκας
332 1026 394 1114 μὲν
411 1022 656 1114 ἀποφαίνουσιν
673 1022 745 1094 οὔτ’
763 1023 875 1114 ὀρθαῖς
893 1025 1031 1116 ἐχούσας

75 1120 140 1193 οὔτ’
170 1122 376 1216 ἅρεσκούσας
403 1131 451 1220 τῷ
478 1129 682 1220 διαδεμένφ,
711 1129 773 1195 τοῦ
802 1128 839 1196 δὲ
866 1126 1031 1216 τοσαύτην

73 1233 192 1313 μανίαν
211 1230 465 1318 κατηγοροῦσιν,
491 1224 575 1297 ὥστε
599 1231 703 1316 φασὶν
726 1223 829 1297 αύτδν
847 1230 922 1318 περὶ
940 1236 1030 1298 πλεί-

73 1353 142 1407 ονος
165 1339 335 1398 ποιεῖσθαι
357 1327 435 1410 τούς
458 1324 550 1422 αὐτῷ
571 1331 829 1420 διαφερομένους
846 1322 867 1416 ἢ
884 1327 961 1410 τούς
983 1337 1029 1400 ol·
1056 1386 1059 1393 .

74 1435 163 1509 κείως
193 1431 397 1519 χρωμένους,
429 1433 484 1500 καὶ
513 1426 562 1510 οἷς
590 1431 651 1519 μὲν
674 1433 739 1514 ζων
761 1424 842 1499 ούδέ
866 1433 1029 1518 διελέγετο
1072 1465 1075 1478 ·

73 1551 200 1600 απασαν
226 1533 342 1601 δούναι
364 1560 427 1619 την
448 1528 584 1616 ούσίαν,
613 1529 690 1612 τούς
715 1525 746 1600 δ’
770 1529 955 1604 οἰκειότατα
977 1559 1029 1601 τιε-

73 1634 250 1752 χρημένους
268 1628 348 1701 ούδέ
365 1637 548 1702 πολλοστοῦ
564 1635 683 1722 μέρους
700 1628 843 1715 ἄξιωσαι.
880 1629 964 1703 ὥστε
981 1641 1030 1714 τίς
1048 1651 1080 1702 35

73 1723 111 1798 ύυ
131 1727 227 1821 ύμων
256 1731 378 1814 ταύτας
405 1733 489 1803 εἶναι
518 1739 636 1822 κυρίας
658 1731 715 1814 τὰς
740 1731 903 1821 διαθήκας
927 1742 1028 1856 ψηφί-

74 1852 177 1920 σαιτο,
201 1862 240 1914 ας
262 1829 359 1922 ὁμὲν
376 1829 627 1958 διαθέμενος’
604 1862 648 1915 ως
675 1830 737 1904 ούκ
758 1831 869 1922 ὀρθοῖς
893 1833 1029 1923 ἐχούσας

73 1927 328 2023 απεδοκίμασευ,
347 1963 438 2006 ουτοι
453 1933 486 2005 δ
505 1941 590 2028 ἔργῳ
608 1932 748 2004 λύουσιν
762 1930 968 2014 ἐθέλοντες(
950 1951 1029 2023 ημῖν

74 2039 274 2123 ίσομοιρησαι
292 2039 350 2124 τῆς
374 2033 506 2125 ούσίας,
530 2034 611 2127 πρὸς
631 2036 668 2105 δέ
684 2034 812 2114 τούτοις
830 2031 925 2124 ἡμεῖς
947 2030 1028 2125 ύμῖν
1089 2037 1094 2046 ’

72 2129 299 2226 ιἰποφαίνομεν
323 2141 473 2219 ἐναντίας
495 2135 596 2218 ούσας
619 2138 675 2207 καλ
698 2140 746 2229 τῷ
767 2134 858 2229 νόμῳ
880 2138 936 2206 καλ
959 2153 1028 2217 τοῖς

74 2240 207 2318 δικαίοις
226 2241 281 2307 καλ
299 2241 342 2328 τῇ
357 2241 418 2308 τού
433 2236 699 2326 τελετευτηκότος
718 2244 866 2330 διανοίας

143 2337 244 2428 Οἶμαι
269 2335 301 2408 δ’
321 2333 409 2428 ,ὑμᾶς
431 2338 467 2410 τό
490 2341 565 2430 περὶ
584 2335 678 2429 ἡμων
702 2344 831 2410 δίκαιον
849 2335 1027 2428 σαφέστατ’
1046 2358 1080 2410 36

72 2430 109 2506 δν
125 2436 206 2530 παρ’
226 2436 337 2510 αύτιόν
350 2439 478 2512 τούτων
495 2439 739 2511 πυνθάνεσθαι.
777 2449 807 2510 εί
821 2438 885 2528 γύρ
903 2469 952 2520 τις
969 2435 1027 2508 αύ-

71 2535 141 2620 τούς
168 2547 274 2631 έροιτο
299 2539 355 2610 διδ
373 2550 408 2610 τί
421 2538 548 2624 ύξιούσι
570 2540 768 2631 κληρονόμοι
785 2544 943 2629 γενέσθαι
960 2544 1027 2610 των

72 2639 290 2732 Κλεωνύμου,
321 2638 412 2712 τοῦτ’
442 2637 484 2711 δυ
508 2648 616 2712 εἰπεῖν
640 2647 763 2730 ἔχοιεν,
788 2635 839 2709 ὅτι
861 2643 916 2709 καλ
938 2643 1027 2728 γένει

72 2743 173 2812 ποθὲν
202 2741 407 2832 προσήκουσι
433 2744 488 2814 καλ
519 2745 644 2821 ἐκεῖνος
674 2738 787 2822 αὐτοῖς
810 2739 929 2830 χρόνον
953 2739 1027 2812 τινὰ

73 2844 260 2932 ἐπιτηδείως
286 2847 432 2916 διέκειτο.
469 2840 531 2914 ούκ
548 2838 591 2914 ἂν
606 2840 672 2935 ἄρα
689 2838 774 2933 ὑπὲρ
791 2837 886 2933 ἡμῶν
902 2846 1028 2932 μᾶλλον

70 2937 188 3036 ἢύπὲρ
211 2948 308 3034 σφων
337 2942 448 3016 αύτων
472 2945 540 3015 εἶεν
563 2943 743 3035 είρηκότες;
767 2953 801 3014 εί
823 2972 859 3014 τε
884 2942 947 3035 γὰρ
972 2941 1027 3013 διδ
1044 2955 1077 3006 37

71 3041 127 3131 τὴν
148 3050 208 3115 τού
230 3049 348 3134 γένους
369 3043 559 3137 ἀγχιστείαν
582 3053 637 3116 δεῖ
656 3050 814 3135 γενέσθαι
836 3043 927 3126 τινας
950 3054 1026 3132 κλη-

72 3143 244 3236 ρουύμους,
275 3141 368 3236 ἡμεῖς
375 3151 555 3270 ἐγγυτέρω
579 3151 667 3236 γένει
690 3145 944 3268 προσήκομεν·
938 3156 971 3214 εί
989 3173 1025 3214 τε

74 3243 171 3315 δια
136 3277 196 3338 την
213 3245 383 3336 φιλίαν
346 3278 408 3337 την
424 3245 655 3339 ὑπάρχουσαν,
675 3259 785 3318 ίσασιυ
803 3242 905 3316 αύτδν
922 3272 1025 3316 απαν·

72 3373 120 3427 τες
136 3343 216 3438 ημῖν
233 3348 444 3438 οἰκειότερον
451 3355 668 3473 διμκείμευον.
708 3343 786 3444 ὥστ’
806 3343 846 3416 ού
864 3375 926 3468 χρη
944 3342 1024 3436 παρ’

73 3439 177 3568 ἡμων,
199 3446 283 3520 ἆλλδ
308 3449 386 3540 [καὶ]
411 3447 492 3540 παρ’
512 3446 624 3520 αύτων
646 3447 773 3519 τούτων
790 3445 1026 3518 πυνθάνεσθαι

74 3543 107 3616 τὸ
132 3555 266 3622 δίκαιον.
309 3545 557 3622 Παυτωυδ”“
537 3579 579 3620 αν
604 3561 654 3637 εἴη
680 3547 887 3636 δεινότατον,
912 3555 1026 3627 είτοῖς
1043 3558 1077 3608 38
1194 3603 1196 3614 ,
