2442 3948
16 279 37 328 p.
56 262 95 312 τι.
158 263 249 314 mm
267 259 343 312 που
362 255 638 316 ωκκιονεοονε
655 261 819 314 mmor.
927 268 967 329 67

17 436 105 522 μέρος
130 429 212 504 ὅσον
237 460 298 523 περ
324 437 366 523 τή
391 436 488 523 μητρί
505 436 547 524 πή
565 436 633 522 ἐμή.
671 435 741 502 ἐπεὶ
760 430 793 501 δ’
812 425 874 504 οὖν
891 431 969 506 ἀπέ·
987 453 1020 504 27

17 556 70 620 στη
86 537 306 622 Δικαιογένης
332 550 404 615 ταῖς
421 537 553 622 γυναιξί
570 549 643 604 τοῖν
662 540 760 603 δυοῖν
777 551 892 624 μεροῖν
909 539 971 606 τοῦ

18 633 149 725 κλήρου,
178 631 273 722 ήξίου
295 631 313 704 δ
335 633 513 726 Λεωχάρης
542 632 601 704 τόν
629 640 873 725 Πρωταρχίδην
909 663 969 706 πα-

17 734 184 824 ραδιδόναι
212 731 303 828 αὐτῷ
330 733 391 823 τήν
426 743 600 806 συνοικίαν
625 731 671 822 ἣν
695 735 782 824 εἶχεν
810 731 885 805 ἀντὶ
912 740 970 824 τής

17 835 160 926 προικός,
188 831 233 918 οἱς
258 834 329 906 ὄντι
356 840 499 926 ἰγγυητή
524 832 631 930 αὐτῷ,
657 833 694 906 τό
718 836 755 905 δὲ
772 839 868 926 μέρος
885 833 971 928 ὑπὲρ

16 941 66 1026 ιής
99 934 257 1025 γυναικὸς
290 941 351 1008 τοῦ
381 935 505 1029 κλήρου
531 934 610 1027 παρ’
639 932 744 1007 αὑτοῦ
769 945 969 1026 κομίζεσθαι.

16 1035 212 1129 παραλαβών
238 1038 276 1109 δὲ
292 1035 353 1126 τήν
371 1045 545 1110 συνοικίαν
561 1035 597 1108 τὸ
615 1041 713 1129 μέρος
730 1033 771 1107 ου’
788 1041 969 1129 παρέδωκε.

15 1143 65 1208 καί
82 1137 211 1209 τούτων
236 1134 318 1228 ὑμῖν
343 1137 493 1229 μάρτυροι
518 1136 577 1210 τὸν
602 1144 847 1230 Πρωταρχίδην
873 1143 971 1231 παρέ·

16 1243 113 1328 ξομακ

413 1386 571 1438 ΜΑΡΤΤΣ.

84 1543 170 1631 Περί
186 1541 222 1610 δὲ
241 1543 415 1630 ἐπισκευῆς
433 1544 494 1611 τοῦ
511 1548 689 1629 βαλανείου
707 1546 762 1612 καί
779 1550 970 1633 οἰκοδομίας
988 1566 1022 1624 τε

14 1645 65 1710 καὶ
83 1640 244 1732 πρότερον
270 1651 381 1733 εἰρηκε
398 1645 618 1731 Δικαιογένης
635 1645 691 1712 καί
707 1647 773 1715 νῦν
792 1655 871 1727 ἰσως
890 1648 969 1736 ἐρεῖ,

14 1738 54 1822 ὦς
80 1738 339 1831 ὁμολογήσαντες
371 1739 464 1836 αὐτῷ
493 1739 682 1813 ἀποδώσειν
711 1741 751 1814 τά
777 1741 972 1834 ἀναλωμένα

12 1840 71 1912 οὐκ
88 1839 318 1932 ἀπεδώκαμεν,
336 1846 391 1913 καὶ
409 1840 458 1913 ὅτι
477 1841 532 1912 διά
543 1845 640 1914 τοῦτο
653 1839 694 1912 ου
713 1843 852 1915 δυ’ναται
869 1843 972 1915 ἀπαλ-

13 1942 146 2012 λάσσειν
171 1941 249 2024 τούς
266 1943 424 2035 χρήστας,
451 1940 531 2014 οὐδὲ
548 1939 628 2033 ήμίν
655 1949 863 2035 παραδοῦναι
881 1941 903 2013 δι’
922 1952 975 2015 δεῖ

14 2041 121 2114 αὐτόν.
165 2039 260 2133 ήμεῖς
288 2048 340 2134 δέ,
369 2035 394 2115 ὦ
420 2042 558 2136 ἀνδρες,
587 2047 640 2114 ε’πί
664 2048 728 2115 τοῦ
746 2051 970 2136 δικαστηρίου,
989 2074 1023 2128 29

12 2141 64 2212 ὅτε
80 2141 307 2235 ήναγκάζομεν
324 2143 426 2216 αὐτὸν
438 2143 642 2235 ἀφίστασθαι
654 2144 793 2236 τούτων,
813 2143 888 2217 ἀντὶ
904 2151 972 2219 τοῖν

14 2249 225 2338 λειτουργιῶν
250 2249 306 2333 καί
330 2250 399 2318 τω”ν
417 2254 463 2328 εἰς
480 2245 521 2317 τὰ
544 2246 788 2337 οἰκοδομήματα
804 2244 972 2339 ἀναλωμέ·

14 2375 81 2416 νων
106 2344 249 2436 ἀφεῖμεν
275 2343 367 2441 αὐτῷ
391 2345 470 2429 τους
495 2347 661 2440 καρπούς,
688 2346 777 2418 οὕτω
795 2353 862 2420 των
881 2357 971 2420 δικα-

14 2452 99 2518 στων
122 2447 392 2536 γιγνωσκόντων·
419 2445 559 2539 ὕστερον
585 2445 616 2518 δ’
635 2446 698 2519 οὐκ
715 2445 971 2539 ἀναγκαζόμενοι

16 2543 85 2616 ἀλλ’
114 2547 246 2629 ἑκόντες
273 2555 391 2638 ἔδομεν
408 2545 500 2642 αὐτῷ
518 2546 580 2636 τήν
598 2552 634 2618 έν
652 2547 743 2618 ἀστει
760 2556 871 2618 οἰκίαν
890 2553 971 2631 ἐξαι·

19 2651 166 2732 μεθέντες
185 2645 267 2740 πρὸς
283 2653 331 2743 τῷ
347 2655 446 2742 τρίτῳ
464 2651 556 2738 μέρει
572 2652 633 2718 του
650 2647 778 2739 κλήρου
793 2656 879 2738 ἔχειν
897 2645 972 2718 ἀντὶ

19 2753 79 2818 τῶν
96 2752 408 2839 ἐνεσκευασμένων,
434 2745 477 2837 ἣν
494 2737 590 2828 οὗτος
607 2745 682 2818 ἀντὶ
700 2757 973 2839 πεντακισχιλίων

23 2853 169 2940 δραχμῶν
195 2853 367 2940 παρέδωκε
394 2856 586 2942 Φιλονείκω.
640 2855 758 2939 ἔδομεν
786 2851 823 2920 δέ
848 2847 889 2922 οὐ
917 2849 972 2921 διὰ
990 2865 1023 2918 30

23 2946 74 3035 τήν
97 2955 160 3022 τοῦ
184 2954 422 3040 Δικαιογένους
447 2948 665 3041 χρηστότητα,
694 2940 721 3020 ὦ
745 2949 876 3042 ἀνδρες,
896 2949 970 3022 ἀλλ’

27 3051 279 3142 ἐπιδεικνύμενοι
304 3051 354 3123 ὅτι
372 3047 412 3125 οὐ
432 3053 508 3143 περὶ
526 3059 677 3133 πλείονος
694 3051 843 3143 χρήματα
860 3053 972 3124 ποιού-

27 3163 100 3232 μεθα
125 3155 194 3224 των
210 3159 358 3242 οἰκείων,
385 3149 461 3222 οὐδ’
480 3148 521 3222 ἀν
547 3151 636 3222 πάνυ
654 3156 793 3244 πονηροὶ
811 3143 880 3223 οἷσι.
917 3157 973 3224 καί

28 3247 78 3339 γὰρ
102 3253 263 3345 πρότερον
289 3251 338 3325 ὅτ’
358 3250 412 3342 ἐφ’
432 3249 512 3342 ἡμῖν
539 3256 665 3342 ἐγένετο
683 3257 904 3342 Δικαιογένην
926 3281 972 3322 τι·

27 3353 233 3441 μωμήσασθαι
259 3358 314 3424 καί
332 3350 518 3442 ἀφελέσθαι
537 3351 557 3421 ἰί
576 3353 681 3443 εἶχεν,
708 3350 770 3424 οὐκ
789 3351 972 3442 ἐβουλήθη

27 3477 77 3532 μεν
92 3457 160 3525 των
169 3452 291 3526 τούτου
315 3457 319 3543 Ι
343 3453 526 3542 κτήσασθαι
543 3451 656 3542 οὐδέν,
676 3451 759 3524 ἀλλά
775 3451 816 3522 τά
832 3449 973 3542 ήμέτερα

27 3549 120 3633 μόνον
145 3562 347 3644 κομίσασθαι
374 3554 501 3648 ἐξήρκει
518 3551 606 3644 ήμίν.
631 3544 738 3633 ὀὗτος
758 3549 790 3622 δ’
810 3549 860 3623 ὅτ’
881 3553 973 3646 ἐκρά·

777 3673 819 3736 5*
