2474 3946
186 235 229 302 84
543 234 800 293 ΑΙΣΧΙΝΟΤ

187 395 292 484 φολνὸ
305 389 562 481 Παιανιεὺς,·είς
573 401 642 460 τοῖν
653 398 762 478 φίλων
771 394 826 460 καί
839 393 978 480 ἑταίραν
989 399 1060 461 τοῖν
1070 393 1142 461 Xoi-

119 515 171 571 252
186 519 300 583 ρητος,
322 497 454 562 ἐκπλεῖν
473 489 536 579 τήν
555 498 709 576 ταχίστην
728 488 898 578 Ἀντίοχον
918 490 979 561 τὸν
1001 492 1054 558 ἐπὶ
1074 497 1141 558 τῶν

186 591 395 681 ὑπηρετικῶν
404 595 461 660 καί
470 597 577 678 ζητεῖν
588 587 649 658 τὸν
658 589 843 676 στρατηγὸν
851 588 912 659 τάν
923 594 975 658 ἐπὶ
985 598 1027 679 τῇ
1038 591 1140 658 δυνέ-

186 716 240 778 μει
250 693 460 777 τεταγμένον,
470 685 536 757 κάν
546 689 667 776 έντάχη
675 712 752 772 πον,
760 688 908 774 φράζειν,
916 686 968 756 ὅτι
978 689 1140 774 θαυμάζει

187 788 205 858 ὁ
218 794 320 877 δῆμος
330 786 608 876 τῶνἈθηναίων,
621 793 653 855 εί
661 793 824 867 Φίλιππος
835 786 896 874 μὲν
906 788 959 856 ἐπί
969 787 1140 874 Χερρόνη-

186 910 248 957 σον
265 886 328 974 τήν
343 886 533 975 Ἀθηυαίεον
550 886 742 972 πορεύεται,
759 884 931 972 Ἀθηναῖοι
942 886 979 955 ίέ
991 882 1074 954 οὐδὲ
1084 884 1139 953 τὸν

187 987 373 1077 στρατηγόν
392 999 503 1058 ίσασιν
519 985 599 1056 οὐδὲ
616 984 679 1074 τήν
699 987 860 1074 δύναμιν,
883 983 927 1074 ἣν
945 989 1137 1074 ἐξέπεμψαν,

186 1086 382 1157 ὅπουίστιν.
416 1086 467 1156 ὅτι
479 1085 510 1155 θ’
525 1086 637 1174 ἀληθή
653 1091 754 1172 λέχεα,
777 1083 941 1155 ἀκούσατε
956 1096 1020 1156 τοῦ
1037 1095 1138 1174 ψηφί-

186 1208 308 1274 σματος
324 1190 378 1256 καί
395 1185 633 1273 ἀναμνήσθητε
647 1194 710 1253 τοῦ
725 1188 888 1272 πολέμου,
911 1187 967 1255 καί
977 1185 1040 1273 τήν
1050 1186 1139 1274 είρή-

186 1311 250 1370 νην
266 1286 345 1366 τοὺς
360 1293 428 1354 τοῖν
445 1287 599 1371 πολέμιον
608 1283 790 1371 ἡγεμόνας,
813 1281 896 1352 ἀλλά
909 1282 954 1371 μή
965 1285 1041 1364 τούς
1056 1289 1139 1371 πρέ-

186 1389 276 1469 σβεις
286 1381 457 1451 ἀπαιτεῖτε.

546 1487 780 1550 ΨΗΦΙΣΜΑ.
850 1551 853 1556 ,

272 1585 316 1648 Οί
324 1584 385 1665 μὲν
395 1583 504 1667 καιροί
514 1588 572 1668 τῆς
582 1581 710 1660 ιπόλεως
718 1587 865 1648 τοιοῦτοι
875 1572 980 1668 ἦσαν,
998 1583 1036 1649 ἐν
1047 1574 1096 1661 οίς
1107 1585 1138 1650 οί
1152 1601 1183 1656 ῖλ

185 1679 337 1764 περὶτῆς
358 1678 490 1764 εἰρήνης
513 1681 667 1763 ἐγένοντο
689 1678 798 1764 λόγοι·
827 1675 1041 1766 ἀνιστάμενοι
1059 1679 1096 1748 δὲ
1110 1683 1141 1748 οί

117 1799 168 1855 253
185 1780 440 1862 συντεταγμένοι
453 1776 590 1864 ῥήτορες
601 1777 675 1862 περὶ
687 1776 749 1862 μέν
766 1784 825 1864 τῆς
835 1783 998 1863 σωτηρίας
1007 1785 1065 1863 τῆς
1076 1779 1140 1845 πά-

185 1885 267 1954 λεως
283 1873 384 1944 οὐδέν
399 1877 587 1961 ἐνεχείρουν
611 1876 737 1959 λέγειν,
760 1870 961 1960 ἀποβλέπειν
983 1875 1018 1944 δὲ
1036 1882 1083 1954 είς
1099 1875 1140 1944 τά
1218 1901 1219 1956 ι

185 1975 375 2061 προπύλαια
392 1983 449 2061 τῆς
465 1971 677 2060 ἀκροπόλεως
694 1975 849 2040 ἐκέλευον
865 1968 952 2058 ἡμᾶς
968 1974 1020 2040 καί
1031 1979 1089 2058 τής
1102 1977 1142 2041 ἐν
1217 1985 1218 2033 ι

184 2080 349 2157 Σαλαμῖνι
359 2070 443 2157 πρὸς
453 2070 513 2140 τὸν
525 2075 662 2159 Πέρσην
677 2075 860 2157 ναυμαχίας
876 2078 1068 2158 μεμνῆσθαι
1085 2073 1144 2142 καί

184 2172 383 2257 τῶντοίφων
394 2179 462 2239 τῶν
474 2172 652 2258 προγόνων
663 2172 795 2240 καὶτῶν
806 2178 984 2254 τροπαίαν.
1018 2170 1083 2259 ἐγώ
1104 2176 1140 2243 δὲ
1153 2190 1181 2246 ῖσ
1214 2231 1215 2263 ,

100 2313 102 2316 -
184 2267 343 2339 ἁπάντων
354 2269 415 2356 μὲν
425 2269 555 2338 τούτων
565 2275 652 2356 ἔφην
665 2275 735 2339 δεῖν
745 2279 950 2359 μεμνῆσθαι,
966 2282 1143 2358 μιμεῖσθαι
1213 2297 1214 2341 ι

183 2370 295 2455 μέντοι
307 2365 366 2448 τὰς
376 2375 445 2436 τοῖν
458 2367 637 2455 προγόνων
648 2366 834 2455 εὐβουλίας,
845 2368 886 2437 τὰ
897 2369 934 2439 δέ
945 2367 1143 2458 ἁμαρτήμα-
1212 2365 1213 2420 ί

183 2493 224 2534 τα
234 2465 347 2535 αὐτῶν
363 2468 418 2535 καί
434 2464 496 2553 τήν
513 2465 654 2554 ἄκαιρον
673 2473 881 2554 φιλονεικίαν
899 2469 1141 2555 φυλάττεσθαι,
1208 2505 1211 2574 ρ

183 2564 245 2653 τήν
261 2565 323 2653 μὲν
339 2569 376 2635 ἐν
390 2574 569 2648 Πλαταιαῖς
586 2565 670 2654 πρὸς
690 2568 770 2646 τοὺς
786 2569 918 2653 Πέρσας
940 2574 1143 2656 πεζομαχίαν
1208 2573 1209 2576 ’

183 2666 238 2732 καί
254 2664 333 2745 τοὺς
349 2664 481 2750 ἀγῶνας
497 2665 577 2746 τούς
594 2667 669 2753 περί
680 2673 856 2752 Σαλαμῖνα
873 2667 927 2734 καί
939 2663 1002 2752 τήν
1012 2668 1052 2734 ἐν
1059 2673 1142 2735 Μα-

115 2777 169 2833 254
184 2770 316 2847 ραθολνι
334 2763 442 2849 μάχην
459 2766 515 2833 καί
530 2762 592 2852 τήν
609 2761 663 2832 ἐπ’
680 2761 868 2854 Ἀρτεμισίρι
885 2772 1075 2851 ναυμαχίαν
1087 2768 1141 2835 καί

137 2929 149 2948 ,
180 2860 243 2951 τήν
259 2866 425 2948 Τολμίδου
440 2869 561 2950 ζηλοῦν
570 2871 773 2951 στρατηγέειν
784 2865 946 2962 κελεύορν,
966 2861 1004 2944 ὃς
1013 2874 1141 2952 χιλίους

181 2963 370 3040 ἐπιλέκτους
387 2964 473 3047 ἔχων
481 2959 670 3048 Ἀθηναίων
687 2961 744 3032 ιλιά
763 2968 863 3051 μέσης
875 2967 1140 3053 Πελοποννήσου

181 3065 339 3145 πολεμίας
360 3056 463 3146 οὔσης
484 3058 590 3140 ἀδεεῖς
612 3062 747 3149 θιεξήει,
769 3063 832 3149 τήν
854 3061 885 3130 δ’
910 3069 955 3143 είς
975 3072 1138 3133 Σικελίαν
1151 3076 1175 3133 76

181 3165 355 3241 στρατείαν
387 3158 631 3246 φυλάττεσθαι,
661 3156 707 3247 ήν
735 3162 920 3247 ἐξέπεμψαν
947 3168 1139 3240 Λεοντίνοις

180 3261 407 3348 βοηθήσοντες
416 3270 484 3331 τῶν
496 3268 664 3349 πολεμίων
680 3264 933 3351 ἐμβεβληκότων
943 3271 991 3342 είς
999 3262 1065 3351 τήν
1073 3264 1138 3350 χοί-

181 3383 246 3443 ραν
256 3356 353 3445 ήμολν
364 3362 420 3429 καί
431 3368 608 3441 Δεκελείας
620 3363 927 3450 ἐπιτετειχισμένης,
945 3364 1000 3431 καί
1012 3362 1076 3449 τήν
1086 3389 1137 3431 τε·
1187 3378 1193 3389 “

180 3461 336 3522 λευταίαν
356 3453 520 3543 ἀβουλίαν
548 3460 779 3546 φυλάξασθαι,
809 3457 863 3529 ὅθ’
893 3458 1073 3547 ἡττημένοι
1094 3465 1135 3548 τῷ
