2450 3950
105 238 135 294 p.
153 221 197 278 81.
274 222 364 272 ΠΕΡΙ
381 220 457 273 ΤΟΤ
474 217 708 270 ΑΡΙΣΤΑΡΧΟΤ
726 219 887 270 ΚΔΗΡΟΤ.
996 175 1057 286 ’131

104 387 186 478 066’
216 385 258 461 ἂν
286 388 460 479 φάσκωσιν
486 382 547 458 ὑπ’
580 391 709 460 ἐκείνου
731 393 929 478 ποιηθῆναι,
957 387 1060 478 νόμον

104 497 219 576 ἕξουσι
238 494 341 574 δεῖξαι
359 485 437 562 καθ’
456 483 495 560 όν
514 492 589 577 ἐξῆν
607 485 700 581 αύτῷ
715 493 818 561 ταῦτα
835 495 965 580 πρᾶξαι,
984 486 1058 560 ἄλλ’

104 597 140 676 ἐξ
164 581 213 662 όν
230 587 327 662 αύτοὶ
351 593 505 680 λέγουσιν
529 596 575 660 ἐτι
604 588 836 678 φανερώτερον
860 586 941 680 ύμῖν
962 589 1060 680 γενῆ-

103 714 200 762 σεται
223 695 335 779 τούτο,
359 687 408 761 ὅτι
431 688 627 780 παρανόμως
651 691 706 760 καὶ
727 687 875 778 όσελγιός
894 697 1003 780 έχουσι
1020 688 1061 762 τοὶ

102 797 165 882 τῆς
188 789 307 882 μητρός
329 790 484 882 ηρῆματα.
525 793 592 860 Καὶ
609 790 670 878 μέν
694 789 752 880 δή,
776 781 956 882 ω’ἅνόρες,
981 788 1062 862 ούέέ
1080 807 1112 858 12

100 890 324 984 Ἀριστομένει
344 919 383 979 γε
405 887 486 962 0666
500 885 752 984 Ἀπολλοδώρῳ,
775 887 824 973 ols
841 896 987 983 προσῆκε
1002 895 1060 980 τῆς

105 989 600 1115 ἐμῆςρητρόςέπιόικύσασθαι,
618 986 698 1062 ούέέ
716 990 842 1074 τούτοις
861 996 944 1082 ἐξῆν
975 1004 1060 1064 θαν-

104 1090 233 1184 μαστόν
249 1089 313 1182 γὰρ
329 1086 372 1162 ἂν
388 1083 452 1182 ῆν,
471 1099 502 1161 εί
516 1087 578 1179 τῆν
595 1088 677 1180 ἐμῆν
693 1095 824 1214 μητέρα
828 1099 934 1212 ἔχοντι
949 1090 1061 1164 Ἀπολ-

106 1188 284 1286 λοδύρῳ
262 1222 283 1280 η
299 1187 566 1283 Ἀριστομένει’
527 1220 589 1262 ουκ
606 1220 648 1263 αν
611 1185 731 1262 ὀἷόν
748 1220 785 1262 τε
801 1183 844 1315 ῆν
855 1222 922 1264 τον
934 1198 1062 1311 ἐκείνης

103 1301 214 1386 κυρίῳ
231 1296 404 1382 γενέσθαι,
428 1289 510 1362 κατὰ
532 1289 591 1362 τόν
607 1290 711 1382 νόμον
727 1289 763 1374 6s
780 1290 844 1363 ούκ
862 1297 898 1385 lq}
914 1322 982 1364 των
1004 1298 1062 1382 τῆς

97 1392 288 1504 ἐπικλήρου
305 1393 421 1486 κύριον
440 1393 541 1481 εἶναι,
560 1387 672 1463 ύλλ’”
651 1422 672 1480 η
690 1421 767 1475 τους
785 1365 906 1476 παῖδας
925 1397 978 1464 ἐπὶ
997 1400 1063 1464 δίε-

103 1522 160 1576 τες
178 1489 366 1616 ἡβήσαντας
389 1494 409 1582 l
416 1510 550 1586 κρατεῖν
567 1497 634 1564 τῶν
651 1491 842 1586 χρημάτων,
867 1491 941 1566 ἀλλ’
963 1498 1063 1618 ἑτέρῳ

105 1592 214 1682 αύτῆν
239 1593 367 1665 ἐκθόντι
389 1598 513 1678 ἐξέσται
542 1601 588 1674 είς
611 1591 652 1664 τύ
674 1593 795 1684 ταύτης
818 1594 1064 1686 χρῆματαον
988 1593 1064 1666 υίόν

106 1698 302 1783 εἰσποιῆσαι.
356 1691 450 1766 δεινοὶ
475 1689 611 1784 μέντ’”
591 1723 633 1764 αν
656 1702 810 1782 γίγνοιτο.
854 1699 909 1766 καὶ
933 1727 978 1790 τῳ
967 1699 1063 1788 μέν
1081 1707 1113 1762 13

104 1798 207 1882 πατρὶ
224 1791 342 1884 αύτῆς,
363 1801 393 1865 εί
414 1800 531 1875 παῖδες
549 1792 685 1884 ἄρρενες
701 1793 746 1884 μῆ
759 1799 922 1886 ἐγένοντο,
940 1795 1003 1868 ούκ
1020 1793 1063 1867 ύν

106 1899 186 1984 ἐξῆν
207 1893 291 1966 ἄνευ
314 1895 434 1983 ταύτης
459 1897 652 1992 διαθέσθαι
682 1893 810 1966 κελεύει
839 1894 902 1985 γὰρ
924 1893 941 1967 ό
964 1897 1063 1987 νόμος

105 1994 175 2067 σύν
191 1995 325 2078 ταύταις
342 1996 461 2088 κύριον
485 1995 571 2066 εἶναι
595 1999 729 2084 θούναι,
747 1992 812 2088 ότῳ
830 1996 1000 2086 βούλοιτο,
1024 1997 1064 2069 τοὶ
1187 2075 1189 2082 ,

106 2101 246 2168 ἑαντού·
276 2100 323 2190 τῷ
353 2098 390 2167 66
412 2095 493 2186 μῆτε
516 2103 632 2186 λαβεῖν
655 2091 762 2218 αύτῆν
784 2092 960 2180 ύξιύσαντι
983 2098 1064 2188 μῆτε

106 2195 243 2288 πατρὶ”
224 2226 311 2285 οντι,
330 2193 404 2266 ἀλλ’
422 2194 560 2290 ἀνεψιῳ,
584 2194 673 2314 παρὰ
690 2195 815 2280 πάντας
837 2197 914 2280 τούς
941 2198 1064 2289 νόμους

106 2297 316 2388 εἰσαγαγόντι
335 2305 424 2368 ἔσται
435 2306 558 2388 κυρίοις
575 2301 678 2419 ταύτρ
695 2304 925 2420 πεπραγμένα;
916 2303 1048 2370 καὶ
1014 2309 1064 2380 τ

105 2395 203 2517 ύμῳυ
225 2402 329 2468 ταύτα
352 2398 583 2487 πεισθῆσεται;
608 2396 672 2487 ἐγώ
695 2389 826 2487 μέν,
799 2427 824 2468 οι
847 2398 984 2488 ἄνδρες,
1008 2421 1065 2469 σα·
1083 2411 1116 2466 14

104 2503 179 2624 ῳοῐς
198 2495 405 2588 ἐπίσταμαι”
386 2528 435 2570 οτι
447 2496 524 2569 ούτε
533 2506 727 2580 Ξεναίνετος
744 2497 820 2568 ούτε
838 2496 934 2580 ἄλλος
951 2496 1065 2581 οὐδεὶς

105 2597 298 2690 ἀνθρώπων
317 2602 381 2682 ἕξει
397 2595 609 2682 ύποδεῑξαι’
585 2627 629 2678 ως
646 2594 687 2667 ού
704 2601 761 2685 τῆς
782 2602 858 2686 ἐμῆς
871 2597 992 2688 μητρός
1009 2589 1065 2668 ού-

94 2730 161 2790 ,τος
185 2695 340 2790 όκλῆρός
365 2702 448 2786 ἐστι,
472 2727 531 2768 τον
520 2694 706 2786 ύθελῳού
729 2692 815 2786 αύτῆ
836 2701 896 2767 τού
913 2697 1074 2789 Δημαγό-

106 2830 187 2891 ρονς
205 2797 455 2880 καταλιπόντος
482 2795 539 2869 ἐόιν
565 2793 637 2866 6'''
616 2826 680 2887 αρα
698 2802 841 2886 τολμοισι
859 2795 996 2888 περὶ’
954 2803 1066 2872 αυτόν

105 2906 237 2992 λέγειν,
260 2897 364 2989 νόμον
388 2897 540 2970 κελεύετε
559 2904 662 2982 δείξαι
679 2895 760 2969 καθ’
778 2895 824 2970 u611
847 2925 1020 2990 γεγενηται
1043 2897 1065 2991 ῆ
1093 2943 1096 2950 ·

107 3009 289 3089 εἰσποίησις
308 2995 523 3094 Ἀριστάρχῳ,
548 3003 603 3072 καὶ
627 3007 676 3080 τίς
699 2995 716 3070 6
741 2999 945 3088 είσποιῆσας·
968 3004 1065 3072 τούτο

106 3101 170 3193 γὰρ
197 3098 326 3171 δίκαιόν
350 3106 446 3172 ἐστιν.
489 3097 562 3172 ἀλλ’
587 3096 653 3170 οἷδ’
684 3097 733 3170 ότι
757 3097 819 3190 ούχ
843 3105 974 3184 ἕξουσιν
998 3105 1065 3171 ἐπι·

107 3207 223 3286 δεῖξαι.

182 3303 268 3391 Περὶ
293 3302 355 3390 μὲν
376 3292 438 3371 ούν
460 3304 520 3373 τού
541 3299 599 3373 τόν
623 3303 745 3390 κλῆρον
768 3300 852 3370 εἶναι
869 3303 927 3387 τῆς
945 3300 1065 3390 μητρός
1085 3322 1116 3372 15

108 3406 140 3488 ἐξ
164 3399 266 3494 ἀρχῆς
289 3405 344 3472 καὶ
367 3398 489 3484 ἆθίκος
512 3399 618 3491 αύτῆν
643 3395 709 3470 ύπὸ
739 3400 867 3471 τούτων
889 3396 1067 3492 ύπεστερῆ-

107 3514 207 3594 σθαι,
227 3509 264 3572 έιι
279 3530 315 3572 τε
333 3507 400 3574 τοόν
425 3506 605 3594 εἰρημένων
622 3503 677 3572 καλ
695 3503 995 3590 μεμαρτυρημένων
1012 3504 1068 3572 καὶ

868 3620 913 3677 9¹5·
