2450 3950
168 253 231 316 134
458 235 463 242 ’
573 245 706 297 ιεειον
1006 250 1064 300 οι.
1086 249 1128 301 ιο.

166 427 239 509 ρίας
274 416 358 489 είναι
391 415 448 498 τάς
484 415 661 506 διαθήκας,
697 414 806 507 ὥσπερ
840 413 878 499 ἃς
911 414 954 490 άν
988 422 1131 500 ἕκαστος

116 537 149 590 23
166 521 326 609 περὶτῶν
344 513 448 588 αὑτοῦ
465 522 628 606 διαδῆται.
662 522 767 588 ταυτα
785 519 822 588 δὲ
838 515 879 588 ου’
897 519 1026 590 τούτων
1044 517 1131 590 ὄντα

165 615 239 690 ἄλλ’
264 614 405 710 ἡμέτερα
426 626 589 708 φαίνεται.
630 614 714 688 ὥστε
730 612 772 689 δν
790 621 843 689 ἐπὶ
859 623 978 690 τούτου
994 618 1057 691 τόν
1076 620 1131 691 λό

165 749 226 810 γον
247 718 439 810 καταφεύγῃ
462 721 517 790 καὶ
539 717 706 810 μάρτυρας
730 721 906 810 παρέχηται
930 717 975 802 οἱς
993 725 1131 792 διέθετο

167 825 306 910 ἐκεῖνος,
325 817 549 890 ἐπιδεικνύναι
565 817 716 890 κελεύετε
733 827 765 890 εί
781 825 916 902 δικαίως
932 818 973 894 τά
991 824 1130 892 ἑαυτοῦ.

166 925 261 992 τούτο
283 918 347 1011 γάρ
376 918 504 991 δίκαιόν
528 923 603 990 ἐστι.
646 917 816 990 δεινότατα
837 918 901 1010 γάρ
923 916 965 992 άν
988 921 1131 993 πάντων

165 1023 309 1112 γένοιτο,
330 1028 361 1090 εί
376 1025 573 1110 Καρωνίδης
595 1021 656 1109 μέν
673 1023 729 1090 καὶ
747 1010 854 1111 οὗτοι,
877 1018 973 1103 ὄντες
990 1026 1022 1107 έξ
1042 1027 1131 1094 έκεί-

165 1151 245 1212 νου,
269 1119 314 1211 μὴ
336 1119 439 1211 μόνον
455 1117 513 1191 τόν
529 1124 727 1200 Ξεναινέτου
748 1121 841 1192 οίκον
858 1127 959 1193 πλέον
975 1118 997 1212 ἢ
1014 1122 1130 1194 τεττά-

167 1251 236 1313 ρων
257 1221 427 1294 ταλάντων
450 1225 604 1311 ἕξουσιν,
621 1217 705 1292 άλλά
727 1225 782 1292 καί
800 1221 898 1294 τόνδε
915 1223 1131 1314 προσλήψον-

166 1352 234 1414 ται,
255 1322 318 1413 έγοδ
337 1325 374 1393 δέ
391 1328 448 1412 τῆς
464 1319 584 1413 μητρός
600 1319 701 1410 ούσης
718 1330 835 1413 κυρίας
851 1326 907 1394 καλ
926 1329 962 1394 ἐκ
978 1328 1048 1396 τάν
1068 1322 1129 1395 αύ·

146 1427 234 1494 Ιτοῖν
256 1429 437 1516 Κνρωνίδη
459 1425 675 1513 γεγενημένος
700 1431 731 1493 εί
751 1425 835 1513 μηδὲ
851 1422 910 1495 τόν
926 1429 984 1513 τῆς
1001 1424 1130 1517 μητρός

166 1526 289 1615 κλῆρον
315 1523 476 1613 λήψομαι,
506 1527 686 1624 καὶταῦτα
717 1525 802 1613 μηδὲ
831 1524 972 1615 ἐχόντων
995 1526 1130 1597 τούτων

115 1653 149 1715 ςχ
167 1629 357 1712 ἐπενεγκεῖν
374 1621 452 1715 παρ’
470 1622 548 1695 ὅτου
565 1621 639 1697 ποτ’
658 1624 820 1716 εἰλήφασι.
855 1633 961 1698 καίτοι
979 1633 1125 1716 δίκαιον,
1207 1657 1208 1706 ι

167 1715 351 1816 άάνδρες,
376 1723 486 1817 ὥσπερ
508 1729 576 1797 τοῖν
598 1722 894 1816 ἀμφισβητησίμων
915 1737 1050 1818 χωρίων
1075 1736 1131 1799 δεῖ

166 1822 224 1904 τόν
248 1833 362 1917 ἔχοντα
384 1821 405 1916 ἦ
427 1830 530 1916 θέτην
552 1823 573 1916 ἢ
596 1831 746 1918 πρατῆρα
769 1831 969 1918 παρέχεσθαι
986 1823 1008 1917 ἢ
1026 1858 1127 1901 κατα-

168 1932 404 2019 δεδικασμένον
426 1939 625 2019 φαίνεσθαι,
650 1925 737 1998 οὕτω
759 1929 815 1998 καὶ
831 1926 968 2010 τούτους
985 1927 1069 2000 καθ’
1089 1933 1127 2000 ἓν

128 2095 131 2100 ,
165 2056 197 2097 τι
214 2028 342 2103 τούτων
358 2026 593 2119 άποφήναντας
611 2025 717 2100 αὐτού
732 2025 846 2114 άξιούν
865 2028 1124 2118 ἐπιδικάζεσθαι,

165 2124 209 2216 μὴ
227 2127 290 2217 πρό
303 2135 396 2216 δίκης
411 2129 474 2218 τὴν
488 2126 699 2222 Ἀριστάρχου
714 2133 900 2220 θυγατέρα,
919 2127 1001 2219 ἐμὴν
1014 2132 1054 2200 δὲ
1065 2159 1125 2220 μη

114 2243 148 2294 25
165 2231 258 2317 τέρα,
285 2232 321 2298 ἐκ
343 2232 411 2299 τοῖν
427 2230 591 2323 πατρῴων
607 2227 788 2316 ἐκβάλλειν.
823 2227 906 2300 άλλά
922 2229 1002 2322 γάρ,
1022 2222 1051 2300 ά
1067 2229 1124 2301 άν·

168 2333 258 2416 δρες,
282 2324 343 2418 ούχ
366 2329 482 2401 ἱκανόν
505 2335 572 2401 έστι
593 2332 777 2423 Ξεναινέτφ
798 2328 856 2400 τδν
877 2327 1125 2420 Ἀριστομένους

166 2428 258 2499 οἰκον
275 2435 706 2521 καταπεπαιδεραστηκέναι,
720 2425 803 2500 άλλά
818 2433 873 2500 καί
884 2435 1002 2502 τούτου
1019 2443 1123 2503 οίεται

169 2535 241 2599 δεῖν
256 2527 317 2601 τόν
334 2527 436 2602 αύτδν
452 2531 575 2622 τρόπον
593 2539 768 2602 διαθεῖναι.
806 2529 869 2619 ἐγώ
888 2528 938 2620 δ’,
958 2521 1123 2624 άάνδρες

168 2635 336 2722 δικασταί,
359 2640 513 2724 βραχείας
536 2631 652 2714 ούσίας
680 2627 869 2721 ὑπαρξάσης
892 2628 1038 2720 ἀδελφάς
1061 2635 1122 2723 μὲν

168 2734 325 2821 ἐξέδωκα,
342 2730 405 2804 ὅσα
423 2733 592 2824 ἐδυνάμην
610 2731 756 2821 ἐπιδούς,
774 2730 910 2820 κόσμων
928 2729 960 2802 ρ’
981 2731 1122 2822 ἐμαυτόν
1205 2747 1206 2760 ι

120 2853 128 2903 t
166 2835 318 2920 παρέχων
335 2837 390 2902 καὶ
413 2839 519 2904 ποιεῖν
534 2833 574 2904 τά
591 2831 856 2925 προσταττόμενα
879 2835 935 2902 καλ
951 2830 1008 2914 τάς
1025 2855 1121 2924 στρα-

164 2938 253 3010 τείας
276 2931 533 3021 στρατευόμενος
555 2931 635 3017 άξιιό
655 2938 723 3004 των
743 2936 800 3020 τῆς
817 2930 938 3022 μητρός
960 2933 1121 3028 πατρῴων

115 3049 149 3101 26
166 3027 210 3118 μὴ
228 3025 502 3122 άποστερηδῆναι.
526 3029 681 3120 άπέδειξα
698 3029 730 3103 δ’
749 3028 830 3122 ύμῖν
842 3039 1044 3123 Κνρωνίδην
1060 3036 1120 3124 μέν

165 3127 224 3199 τόν
235 3129 362 3202 τούτων
374 3136 498 3223 πατέρα
509 3137 681 3222 ἐκποίητον
691 3132 871 3223 γενόμενον
883 3135 939 3203 καὶ
950 3130 1012 3204 ούκ
1023 3139 1119 3205 έπαν-
1204 3163 1205 3168 ’

41 3277 48 3286 ·
168 3229 310 3302 ελθόντα
332 3240 379 3314 είς
400 3231 458 3305 τόν
481 3239 634 3327 πατρῷον
655 3235 763 3322 οἷκον,
787 3231 845 3304 τόν
869 3235 907 3304 δὲ
924 3237 1047 3326 πατέρα
1063 3231 1119 3305 τδν

166 3337 367 3418 Κνρωνίδου
393 3337 449 3404 καὶ
473 3339 531 3424 τῆς
558 3339 635 3424 ἐμῇς
652 3332 772 3426 μητρός
790 3333 978 3426 Δημοχάρει
994 3339 1043 3429 τῷ
1058 3337 1120 3428 υίηὶ

166 3433 284 3502 τούτου
306 3431 364 3505 τδν
386 3441 508 3524 κλῆρον
535 3434 770 3523 καταλιπόντα,
801 3438 929 3505 ἐκεῖνον
958 3436 995 3505 δὲ
1018 3441 1119 3506 παῖδα
