2474 3946
189 245 231 310 56
542 246 798 304 ΑΙΣΧΙΝΟΤ

189 401 327 494 ἐραστής
344 402 428 472 εἰναι
444 405 500 471 καὶ
515 400 552 471 τό
572 403 743 489 μειράκιον
755 407 800 482 εἰς
809 403 871 488 τήν
880 411 1147 492 φιλανθρωπίαν

190 501 315 586 ταύτην
336 501 661 587 προσκαλεσάμενος,
682 504 825 569 ἐλπίδων
846 511 955 570 κενῶν
974 503 1147 591 ἐμπλήσας

121 615 171 670 168
189 595 235 676 ῶς
246 596 365 666 αὐτίκα
375 596 416 683 δή
427 597 514 682 μάλα
525 606 593 666 τῶν
606 598 757 684 ῥητόρων
769 597 1025 686 πρωτεύσοντα,
1043 601 1147 668 κατά-

186 703 289 781 λογον
307 694 523 782 ἀποφαίνων,
545 694 706 763 τοιούτων
723 696 894 782 εἰσηγητής
911 695 1006 788 αὐτῷ
1024 703 1077 768 καὶ
1089 703 1144 766 δι·
1163 707 1204 763 1⁷2

189 796 353 877 δάσκαλος
365 802 472 881 ἔργων
483 797 622 881 ἐγένετο,
637 797 670 874 ἐξ
683 787 732 860 ῶν
742 796 866 873 ἐκεῖνος
877 797 938 881 μὲν
950 799 1072 884 φεύγει
1082 796 1145 884 τὴν

190 897 348 979 πατρίδα,
371 885 468 972 οὗτος
486 891 516 960 δ’
530 891 634 960 αὐτοῦ
646 890 684 959 τά
696 898 754 977 τῆς
764 900 874 978 φυγής
884 891 1006 978 ἐφόδια
1017 903 1144 978 προλα-

191 989 263 1078 βῶν
274 999 348 1076 τρία
358 992 503 1060 τάλαντα
514 989 729 1076 ἀπεστέρηκε,
751 990 941 1075 Νικόδημος
963 986 1032 1058 δ’ὁ
1052 991 1143 1077 Ἀφι-

195 1093 307 1168 δναίος
317 1086 373 1156 ὑπ’
389 1088 602 1176 Ἀριστάρχου
612 1087 818 1174 τετελεύτηκε
828 1089 1143 1180 βιαίφθανάτφ,έιι-

191 1189 303 1263 κοπείς
314 1182 332 1254 ὁ
345 1190 486 1266 δείλαιος
496 1184 703 1274 ἀμφοτέρους
713 1183 792 1266 τούς
802 1182 1005 1273 ὀφθαλμούς
1016 1189 1074 1255 καί
1083 1185 1143 1272 τήν

189 1288 340 1366 γλῶτταν
357 1283 573 1371 ἀποτμηθείς,
594 1276 880 1371 ήέπαρρησιάζετο
892 1284 1064 1352 πιστεύων
1077 1298 1144 1361 τοῖς

190 1380 305 1466 νόμοις
314 1385 369 1450 καί
377 1381 466 1468 ύμῖν.
490 1377 597 1450 ἔπειθ’
610 1379 713 1467 ὑμεῖς,
727 1373 942 1467 ῶἈθηναίοι,
954 1379 1144 1468 Σωκράτην
1164 1391 1201 1445 ιίε
1224 1414 1225 1460 γ

125 1499 176 1554 169
188 1477 253 1564 μέν
264 1477 325 1547 τὸν
336 1479 498 1566 σοφιστήν
507 1477 734 1566 ἀπεκτείνατε,
747 1477 798 1546 ότι
808 1484 949 1564 Κριτίαν
960 1477 1072 1564 ἐφάνη
1085 1502 1143 1545 πε-
1224 1463 1225 1528 ί

189 1576 391 1663 παιδευκῶς,
414 1581 474 1647 ἕνα
489 1585 557 1646 τῶν
573 1579 750 1663 τριάκοντα
767 1585 834 1645 τῶν
844 1577 903 1646 τδν
916 1581 1025 1662 δῆμον
1040 1603 1142 1644 κατα·
1225 1598 1226 1666 ρ

190 1676 383 1760 λυσάντων,
405 1682 627 1764 Λημοσθένης
646 1675 678 1743 δ’
690 1673 769 1761 ὑμίν
780 1677 930 1760 ἑταίρους
939 1674 1143 1761 ἐξαιτήσεται
1225 1667 1226 1712 3

190 1773 209 1846 ὁ
227 1777 423 1863 τηλικαύτας
439 1788 595 1867 τιμωρίας
611 1777 789 1866 λαμβάνων
805 1773 895 1858 παρὰ
913 1782 982 1842 τῶν
998 1779 1144 1843 ἰδιωτῶν
1226 1780 1227 1860 ή

190 1878 247 1944 καὶ
264 1881 451 1964 δημοτικῶν
469 1874 661 1963 ἀνθρώπων
678 1873 828 1962 ύπδρτής
839 1878 1025 1960 ίσηγορίαςς
1038 1863 1066 1961 ᾦ
1077 1896 1143 1938 πα-

191 1980 429 2064 ρακεκλημένοι
454 1981 539 2057 τινὲς
567 1985 635 2046 τῶν
660 1981 821 2063 μαθητῶν
842 1970 984 2059 ήκουσιυ
1005 1974 1057 2040 ίπί
1078 1969 1143 2058 τήν
1227 1964 1228 2040 ἰ

192 2071 368 2156 ἀκρόασιν·
390 2077 683 2160 κατεπαγγέλλεται
700 2070 763 2159 γάρ
775 2070 860 2160 πρὸς
870 2064 1142 2154 αύτούςέργολα-

190 2176 264 2257 βῶν
274 2170 329 2254 ἐφ’
342 2169 445 2255 ύμοῖς,
464 2170 508 2250 ῶς
522 2169 586 2256 ἐγῶ
597 2171 830 2258 πυνθάνομαι,
853 2169 966 2255 λήσειν
977 2164 1142 2253 μεταλλά-

192 2270 248 2346 ξας
259 2266 319 2332 τόν
330 2264 445 2351 ἀγῶνα
455 2269 511 2334 καί
523 2265 584 2353 τήν
597 2267 760 2355 ύμετέραυ
771 2265 948 2351 ἀκρόασιν,
961 2267 1016 2333 καὶ
1029 2289 1140 2350 παρα·
1160 2275 1200 2329 17⁴

189 2363 324 2451 στήσειν
338 2371 385 2454 τῷ
402 2366 463 2450 μὲν
480 2365 640 2450 φεύγοντι
657 2375 814 2450 θαρρεῖν,
836 2363 917 2431 ὅταν
928 2361 1028 2442 αὐτὸς
1040 2368 1141 2448 δεῦρο

190 2466 359 2552 παρέλθη,
383 2465 606 2551 ἐκπεπλῆχθαι
624 2461 660 2530 δὲ
676 2470 722 2552 τῷ
739 2460 911 2552 κατηγόρῳ
924 2462 1142 2548 καίπεφοβῆ-

189 2572 272 2628 σθαι
284 2563 358 2646 περὶ
370 2558 492 2649 αὑτοῦ,
515 2560 694 2640 τοσούτους
704 2561 740 2628 δὲ
751 2563 805 2628 καὶ
815 2560 1030 2646 τηλικούτους
1041 2563 1142 2626 ἐκκα-

189 2661 345 2728 λέπεσθαι
357 2659 447 2747 παρὰ
458 2669 525 2729 τῶν
535 2664 701 2728 δικαστῶν
712 2658 885 2745 θορύβους
896 2655 1140 2743 παρεμβάλλων

121 2768 172 2825 170
190 2757 248 2836 τοὶς
269 2758 348 2843 έμοὶς
369 2762 570 2844 δημηγορίας
585 2759 642 2826 καί
657 2759 770 2841 ψέγων
786 2756 847 2839 τήν
865 2753 1001 2839 εἰρήνην
1018 2749 1083 2839 τήν
1095 2748 1139 2820 δι’

188 2856 272 2938 ἐμοῦ
281 2857 337 2920 καί
349 2856 574 2939 Φιλοκράτους
590 2857 823 2941 γεγενημένην,
847 2847 925 2920 ὥστ’
939 2848 1017 2919 ούδὲ
1029 2848 1141 2918 ἀπαν-

188 2948 351 3036 τήσεσθαί
377 2974 417 3033 με
447 2954 500 3018 ἐπὶ
529 2950 566 3019 τό
597 2953 811 3038 δικαστήριον
831 2949 1137 3038 ἀπολογησόμενον,

189 3044 271 3114 ὅταν
288 3047 346 3124 τάς
358 3051 415 3132 τῆς
431 3054 606 3132 πρεσβείας
622 3047 773 3129 εὐθύνας
795 3056 891 3136 διδῶ,
914 3048 990 3119 ἀλλ’
1007 3046 1140 3137 ἀγαπή-

188 3161 273 3232 σειν,
299 3141 359 3209 ἐὰν
374 3151 494 3234 μετρίῳ
515 3146 668 3234 τιμήματι
685 3152 848 3235 περιπέσω
865 3153 919 3217 καί
935 3146 980 3237 μή
997 3148 1138 3238 θανάτφ

188 3243 362 3326 ζημιῶμαι·
379 3244 496 3328 μηδενὶ
507 3242 547 3330 δή
558 3246 671 3335 τρόπφ
685 3246 766 3315 καθ’
778 3246 875 3334 ύμῶν
886 3245 998 3317 αὐτῶν
1009 3255 1136 3335 γέλωτα
1156 3259 1201 3315 17ο

187 3344 235 3424 τῶ
245 3346 386 3428 σοφιστῇ
400 3341 455 3408 καί
466 3342 639 3432 διατριβήν
650 3345 846 3434 παράσχητε,
858 3344 932 3415 ἀλλ’
946 3343 1137 3436 ύπολάβεθ’

187 3436 273 3518 ὁρῶν
289 3439 527 3524 εἰσεληλυθότα
544 3439 609 3510 ἀπὸ
627 3449 688 3511 τοῦ
705 3448 918 3532 δικαστηρίου
929 3448 1042 3514 οἰκαδε
1082 3448 1138 3514 καί
