2486 3948
192 271 255 338 ρος
521 267 810 344 [mmor]

191 431 350 519 λαμβάνω
362 426 575 512 Καλλιρρόην
586 425 807 511 Σκάμανδρος
817 421 874 511 τόν,
886 426 942 494 καὶ
954 423 1040 494 πόλλ’
1055 425 1136 512 ἀχα-

192 527 241 597 θδ
257 525 471 612 ποιήσωσοι.“
502 529 606 591 ταῦτα
624 521 692 609 ἅμα
709 526 816 608 λέγων
836 525 891 592 καὶ
913 520 1061 611 ἁρπάσας
1079 523 1137 610 τὴν

192 628 293 694 παῖδα
303 621 436 710 ἀφανὴς
445 629 579 708 γίνεται.
614 619 656 690 ού
672 619 740 707 μὴν
750 624 805 689 καλ
815 620 852 690 τό
870 629 1005 708 πράημα
1017 619 1135 708 άφανὲς
1159 637 1175 690 6

193 728 333 809 γίνεται,
356 719 440 790 ἀλλὰ
458 723 628 806 τέτταρσιν
644 717 788 804 ὕστερον
795 715 932 807 ἡμέραις
943 719 1056 806 πομπὴ
1078 723 1137 806 μὲν

191 816 236 910 ἦν
243 821 451 908 Ἀφροδίτης,
473 820 665 906 έπόμπευον
683 818 719 887 δέ
735 823 773 887 αλ
780 821 897 887 νεωστὶ
907 821 1138 908 μεμαμημένῶ,

193 923 248 991 καλ
259 919 350 1009 ἡμιλς
360 918 421 1007 τὴν
432 916 569 1006 πομπὴν
579 917 763 1005 έθεόμιθα.
797 915 872 1004 ἡδὲ
887 916 1006 1006 νύμφη
1025 922 1140 988 ἰδοῦσα
1211 985 1212 1016 χ

126 1039 177 1095 682
193 1019 253 1089 τόν
263 1026 403 1105 Κίμωνα
414 1015 459 1098 ύς
470 1019 572 1105 μηδὲν
585 1014 675 1109 αὑτῷ
687 1015 791 1086 κακόν
801 1017 976 1086 συνειδότα
993 1016 1062 1105 ἅμα
1073 1022 1142 1106 ἐμοὶ
1211 1017 1212 1026 ’

194 1117 379 1204 θεώμενον,
392 1117 631 1204 προσεκύνησε,
644 1119 699 1186 καὶ
711 1114 924 1204 ἀποβλέψασα
938 1124 985 1197 εἰς
996 1115 1142 1204 τὴντρο-

192 1214 260 1302 φόν
272 1212 400 1304 ,,ὁρᾷς“
410 1221 485 1304 ἔφη,
497 1224 625 1303 ,,τέτθη,
633 1213 693 1286 τόν
702 1208 971 1339 Σιιάχιανδρον,ᾦ
982 1215 1046 1301 τὴν
1056 1241 1140 1300 παρ-

193 1323 314 1384 θενίαν
324 1319 450 1396 ἔδωκα
441 1321 479 1360 ·“
501 1312 615 1401 καὶὴτ
615 1323 693 1402 τθη
705 1313 877 1385 ακουσασα
886 1313 1069 1401 ανέκραχε
1091 1318 1144 1384 καὶ

194 1413 231 1484 τό
243 1423 379 1501 πραμμα
390 1419 555 1484 ἔκπυστον
565 1423 698 1500 γίνεται
720 1415 764 1495 ὥς
777 1416 812 1485 δὲ
824 1417 1213 1502 ολκαδεελσέρχομαι,
1165 1423 1177 1476 λ

193 1513 436 1601 καταλαμβάνω
452 1513 566 1583 τόνΚί
553 1524 675 1602 ίμωνα,
700 1517 755 1584 καὶ
772 1507 863 1584 ola*
840 1541 883 1602 ην
902 1513 989 1592 εἰκός
1004 1493 1213 1600 ἐργάζο-

193 1638 269 1729 μαι,
290 1609 441 1678 καλιάν’
422 1609 561 1678 ανόσιον
578 1614 633 1682 καὶ
645 1611 682 1682 δι’
697 1609 802 1682 αὐτόν
813 1611 1019 1682 άπολυλέναι
1034 1618 1147 1699 λέγειν

192 1705 287 1794 ἡμᾶς.
319 1705 386 1775 οδὲ
396 1706 497 1776 ουδέν
506 1706 544 1776 δι
559 1708 640 1780 αὐτο
630 1709 794 1795 ἔδεισεν,
813 1707 890 1780 οὐδὲ
907 1708 1062 1799 ᾐσχύνθη
1075 1727 1148 1790 τοῖς

194 1810 451 1894 πεπραγμένοις,
473 1804 558 1876 ἀλλὰ
580 1809 714 1894 μύθους
734 1810 931 1899 ἐπεβάλλετο
950 1812 1060 1895 λέγειν
1076 1837 1146 1896 μα-

193 1905 310 1994 κρούς,
334 1904 412 1985 τούς
429 1904 638 1993 ἁπανταχόθι
659 1915 788 1994 τροχῶν
811 1907 885 1989 άξια
904 1911 1145 1995 εἰργασμένους

191 2005 508 2091 καταριθμούμενος.
540 2006 594 2074 καὶ
615 2003 679 2092 χάρ
700 2009 737 2074 έν
748 2012 929 2094 Μαγνησίᾳ
950 2015 1049 2074 τοῦτο
1065 2009 1142 2090 περὶ
1165 2015 1183 2068 8

191 2108 393 2185 Μαίανδρον
403 2101 465 2172 τόν
475 2102 626 2190 ποταμόν
638 2110 702 2192 ἔφη
713 2111 884 2192 γεγονέναι
895 2103 962 2172 ὑπό
973 2131 1060 2184 τινος
1069 2113 1140 2172 τῶν

192 2205 262 2267 ἐκεῖ
269 2205 370 2285 νέων,
387 2197 443 2286 ἀφ’
456 2193 498 2270 ού
508 2204 563 2270 καὶ
578 2209 625 2270 ἔτι
635 2202 781 2290 σήμερον
788 2203 950 2272 ’Ἀττάλον
961 2201 1021 2273 τόν
1031 2200 1137 2288 ἀθλη-

193 2293 282 2384 τὴνό
295 2295 419 2386 πατὴρ,
441 2303 522 2385 ἔφη,
544 2297 652 2368 α’ύτού
663 2299 723 2388 ούχ
735 2304 856 2370 ἑαυτοῦ
865 2300 959 2388 υἱόν,
982 2300 1065 2371 άλλά
1079 2307 1138 2368 τοῦ

192 2398 397 2486 Μαιάνδρου
409 2397 493 2469 εἶναι
504 2407 670 2489 πεύθεται,
692 2405 748 2470 καὶ
760 2400 814 2470 διδ
824 2408 922 2470 τοῦτο
935 2400 1040 2471 αύτόν
1050 2399 1133 2468 οὕτω

192 2497 284 2566 πάνυ
301 2503 424 2584 νομίζει
440 2507 577 2583 σαρκῶν
594 2526 629 2568 τε
642 2501 820 2624 καδόιόμης
831 2494 870 2568 εὖ
880 2506 981 2588 ἔχειν·
1003 2496 1134 2568 ἐπειδάν

103 2653 105 2658 .
193 2601 229 2665 δέ
245 2595 370 2676 πολλάς
386 2596 500 2686 λαβόν
514 2598 641 2686 πληγάς
657 2599 747 2671 καδ’
728 2601 955 2688 απειπάμενος
969 2603 1051 2687 έξίη,
1074 2597 1136 2666 τόν

124 2709 175 2765 683
192 2695 341 2784 ποταμόν
353 2696 444 2786 αύτῷ
452 2707 631 2786 νεμεσησαι
641 2700 778 2794 λέμει,“
757 2727 808 2768 οτι
818 2699 1004 2786 νικήσαςου
993 2697 1140 2785 ’πατέρα

192 2793 520 2882 άνημόρευεναύτόν.
549 2797 611 2866 οόκ
623 2796 671 2882 ἄρ’
685 2795 1142 2885 άπορελχεὴττόμενοςπρο·

192 2893 332 2981 φάσεως.
355 2894 410 2960 καὶ
421 2896 496 2980 περὶ
504 2891 576 2963 Ἐπί
562 2891 770 2982 ίδοιμνονδ’“
754 2903 831 2980 ομοέ
831 2903 884 2977 ως,
892 2896 991 2965 πολιν
1000 2923 1060 2963 κατ
1058 2893 1140 2962 ’'16-
1162 2901 1179 2955 9

191 3020 280 3078 νιον,
294 2996 357 3078 ἔφη
367 2989 531 3078 μουσικόν
540 2989 587 3060 ὑπ
586 2989 762 3079 ἐὐηθείας
771 2991 1001 3079 πεπεῖσθαι,”
981 3019 1032 3061 οτι
1036 2989 1143 3077 Ἡρα-

191 3091 309 3168 κλέους
328 3101 377 3176 εδη
393 3089 430 3160 τό
450 3094 485 3160 ἐκ
503 3099 622 3177 μοιχοῦ
639 3089 776 3178 γεγονός
793 3089 886 3180 αύτῷ
901 3096 1045 3160 παιδίον.
1077 3089 1143 3175 ἐμοὶ

193 3187 228 3256 δὲ
250 3184 314 3255 ούκ
334 3189 656 3276 ἐπαιδοποιησάμην,
686 3195 766 3275 έφη,
796 3189 882 3270 ἅπαξ
906 3190 942 3258 δέ
965 3193 1140 3276 διελέχθην

192 3289 284 3356 παιδὶ
294 3285 456 3379 ὑπερόρμ
469 3316 503 3356 τε
512 3289 588 3376 ἤδη,
597 3291 650 3358 καὶ
661 3293 846 3375 λουομένην
856 3286 962 3374 αὐτὴν
972 3287 1051 3373 μετά
1063 3292 1142 3372 μιάς

191 3384 294 3471 γραός
305 3385 394 3456 δδάν.
419 3389 473 3456 καὶ
484 3386 590 3467 άλλως
600 3385 633 3454 δ’
648 3387 757 3463 ἐδόκει,
765 3414 837 3475 μοι,
856 3393 931 3474 ἔφη,
943 3383 1038 3472 όςμη
1049 3409 1140 3453 παν-

124 3498 175 3554 684
189 3481 312 3549 τάπασι
328 3481 368 3549 τό
388 3488 425 3553 έν
436 3483 517 3572 Ἰλέμ
535 3486 673 3571 τραγικά
691 3511 726 3553 τε
741 3488 797 3554 καλ
814 3481 943 3571 φοβερά
961 3477 984 3568 ἦ
1001 3492 1137 3569 παθεῖν,
