2510 3948
227 291 290 357 164
582 295 836 354 ΑΙΣΧΙΝΟῬ
934 337 937 341 -

227 454 279 524 ότι
296 454 372 540 περὶ
388 477 458 520 των
473 449 693 538 ὑπαρχόντων
714 451 853 538 ἀγαθῶν
870 451 948 522 ἐν’
930 455 1064 542 ημέρας
1083 469 1197 551 μικρῷ

227 554 320 638 μέρει
332 556 569 637 διαγωνιεῖται,
592 553 648 619 ιιαλ
664 549 719 619 διά
735 560 839 620 ταῦτα
856 556 1075 639 βουλομένου
1094 557 1195 643 ποιή-

227 661 353 720 σασθαι
368 648 431 738 τήν
449 650 586 737 εἰρήνην
601 650 656 718 καί
683 656 857 736 πρεσβείας
874 648 1099 720 ἀποστέλλειν
1113 658 1194 741 μέλ-

226 757 353 836 λοντος,
368 747 502 817 καὶτῶν
514 743 686 834 ἀρχόντων
697 753 765 814 τῶν
776 750 812 816 έν
822 748 948 835 Θήβαις
960 755 1194 872 φοβουμένων

226 846 288 916 τόν
300 847 465 917 έπιόνταιι
467 851 606 914 ίνδυνον
614 844 784 927 ,εἰκότως
806 843 1089 936 οόχδιρβήτωρ’
1066 849 1192 935 αστρά-

227 941 1095 1034 τευτοςιιαίλιπωντήντάξιναότοόςἐνουθέτησεν,
1123 938 1189 1015 ἀλλ’
1245 967 1246 1058 χ

228 1039 1105 1130 όΦωιιιιιόςπόλεμοςδεκαετήςχεχονωςάεῖμνηστον
1116 1070 1188 1113 παι·
1245 1061 1246 1106 λ

161 1165 211 1218 538
227 1147 320 1212 δείαν
341 1140 465 1223 αιἰτοός
485 1144 672 1227 ἐπαίδευσε,
695 1142 826 1210 τούτων
848 1143 885 1212 δέ
906 1143 1130 1230 ἐχόντων”
1085 1173 1188 1226 ουτως
1202 1159 1246 1223 μοι

227 1242 428 1328 αἰσθόμενος
439 1243 677 1327 Δημοσθένης,
700 1243 754 1309 ιιαὶ
770 1241 849 1321 τούς
865 1242 1084 1330 Βοιωτάρχας
1102 1244 1188 1314 ὑπο-

228 1342 372 1421 πτεύσας
382 1345 514 1427 μέλλειν
530 1339 666 1426 εἰρήνην
682 1344 750 1428 ἰδία
767 1351 937 1410 ποιεῖσθαι
947 1350 1088 1430 χρυσίον
1100 1345 1187 1413 ἀνευ
1245 1349 1246 1416 λ

227 1439 333 1509 αὑτοῦ
344 1437 434 1525 παρὰ
445 1445 614 1508 Φιλίππου
622 1438 802 1526 λαβόντας,
815 1438 962 1527 ἀβίωτον
970 1437 1185 1529 ἡγησάμενος
1245 1431 1246 1514 δ

227 1539 321 1623 εἰναι,
333 1548 367 1607 εἰ
373 1563 462 1618 τινος
473 1535 757 1626 ἀπολειφθήσεται
767 1543 986 1626 δωροδοκίας,
1007 1539 1184 1631 ἀναπηδή-

227 1657 287 1717 σας
298 1641 335 1706 έν
344 1647 386 1725 τή
396 1641 569 1726 ἐκκλησία,
581 1636 720 1716 οὐδενός
730 1635 923 1725 ἀνθρώπων
933 1642 1100 1725 λέγοντος
1111 1638 1182 1710 οὔθ’

227 1733 270 1815 ως
289 1741 342 1805 δεῖ
355 1747 524 1805 ποιεῖσθαι
538 1735 622 1824 πρός
639 1744 808 1806 Φίλιππον
823 1738 960 1826 εἰρήνην
979 1737 1061 1808 οὔθ’
1085 1739 1131 1822 ὡς
1146 1737 1182 1808 οὐ

226 1841 292 1924 δεῖ,
304 1833 409 1906 ἀλλ’
385 1864 430 1918 ως
440 1861 540 1928 φετο
558 1843 656 1905 τοῦτο
669 1861 823 1922 κηρυγμα
833 1863 865 1905 τι
875 1851 944 1916 τοῖς
954 1839 1183 1926 Βοιωτάρχαις

226 1962 465 2025 προκηρυττων
475 1932 708 2023 αναφέρειν
667 1961 756 2024 αυτω
745 1932 897 2022 ταμέρη
906 1961 975 2004 των
986 1940 1181 2034 λημματων,

158 2055 209 2110 539
225 2035 443 2123 διωμνντο
405 2061 469 2123 την
475 2034 636 2122 Αθηναν,
647 2061 708 2121 ην
720 2060 765 2113 ως
775 2039 876 2120 ἔοικε,
897 2039 1034 2115 Φειδιας
1044 2040 1181 2123 ένερχο
1195 2059 1238 2111 ιῡλ

225 2143 339 2221 λαβεῖν
351 2136 526 2220 εἰργάσατο
539 2136 594 2203 ιιαί
604 2136 807 2221 ἐνεπιορκεῖν
818 2127 1095 2221 Δημοσθένει,
1069 2134 1179 2256 ημήν,

225 2243 257 2302 εἰ
270 2259 319 2313 τις
341 2236 423 2321 έρεῖ,
447 2232 492 2312 ός
507 2231 569 2320 χρή
595 2230 679 2320 πρός
696 2239 863 2301 Φίλιππον
880 2233 1020 2320 εἰρήνην
1037 2235 1180 2322 ποιήσα-

225 2343 324 2420 σθαι,
346 2329 485 2412 ἀπάξειν
502 2337 548 2411 εἰς
563 2329 600 2400 τό
614 2332 840 2420 δεσμωτήριον
852 2331 1096 2419 ἐπιλαβόμενος
1113 2342 1179 2402 τόν

224 2441 362 2520 τριχοδν,
384 2430 652 2519 ἀπομιμούμενος
672 2431 735 2520 τήν
746 2439 970 2517 Κλεοφῶντος
993 2440 1177 2518 πολιτείαν,

224 2529 262 2611 δς
272 2533 324 2601 ἐπὶ
334 2539 396 2600 τοῦ
405 2529 491 2620 πρδς
502 2536 786 2619 Λακεδαιμονίους
797 2533 960 2617 πολέμου,
979 2527 1026 2609 ὥς
1037 2533 1176 2618 λέγεται,

223 2627 286 2718 τήν
297 2631 396 2700 πόλιν
409 2629 590 2701 άπεόλεσεν.
620 2630 664 2712 ὡς
675 2629 707 2701 δ’
720 2630 762 2700 οὐ
774 2643 950 2718 προσεῖχον
966 2628 1178 2720 αὐτῷοίάρ-
1245 2677 1246 2710 χ

222 2757 335 2816 χοντες
352 2735 387 2798 οἰ
401 2733 439 2798 έν
455 2744 525 2810 ταῖς
543 2731 685 2818 Θήβαις,
708 2727 791 2799 ἀλλά
810 2733 865 2798 ιιαί
879 2727 959 2808 τούς
975 2731 1178 2815 στρατιώτας

221 2825 301 2906 τοὺς
311 2825 493 2914 ὑμετέρους
506 2831 607 2899 πάλιν
617 2828 825 2917 ἀνέστρεψαν
841 2827 1098 2914 ἐξεληλυθότας,
1122 2833 1177 2896 ἵνα

221 2925 455 3013 βουλεύσησθε
472 2932 548 3014 περὶ
558 2938 617 3016 τῆς
632 2929 781 3017 εἰρήνης,
799 2931 950 2996 ἐνταῦθα
964 2927 1177 2995 παντάπασιν
1191 2937 1231 2989 151

221 3030 356 3111 ἔκφρων
367 3029 512 3113 ἐγένετο,
534 3029 589 3096 ιιαί
600 3025 782 3114 παρελθὸν
792 3030 844 3095 ἐπὶ
861 3027 898 3094 τό
909 3033 1000 3114 βήμα
1009 3025 1176 3112 προδότας

169 3167 171 3170 -
221 3130 290 3189 τῶν
303 3122 470 3211 Ἑλλήνων
485 3122 565 3205 τούς
575 3127 786 3212 Βοιωτάρχας
801 3125 1003 3212 ἀπειιάλεσε,
1024 3127 1079 3194 ιιαί
1091 3124 1175 3211 νρά·

220 3233 296 3300 ψειν
313 3227 377 3310 ἔφη
394 3223 549 3311 ψήφισμα
566 3221 663 3304 ὁτοῖς
680 3231 847 3311 πολεμίοις
858 3221 1008 3293 οὐδέποτ’
1022 3221 1175 3310 ἀντιβλέ·
1245 3219 1246 3232 ’

220 3338 285 3401 ψας
297 3325 439 3409 πέμπειν
450 3321 536 3410 ὑμᾶς
546 3326 699 3412 πρέσβεις
715 3330 762 3403 εἰς
774 3323 887 3411 Θήβας
897 3321 1093 3409 αἰτήσοντας
1105 3329 1173 3408 Θη-

220 3427 336 3503 βαίους
351 3425 464 3490 δίοδον
481 3426 534 3491 ἐπὶ
544 3430 719 3492 Φίλιππον.
753 3421 1076 3509 ὑπεραισχυνθέντες
1095 3419 1132 3488 δὲ
1143 3423 1175 3488 οἰ

153 3525 204 3578 540
220 3519 256 3581 ἐν
268 3518 394 3601 Θήβαις
404 3519 571 3606 ἄρχοντες,
582 3515 627 3605 μή
636 3522 777 3622 δόξωσιν
789 3519 832 3600 ὡς
844 3517 1080 3606 ἀληθεῖςείναι
1089 3544 1173 3604 προ·
