2474 3946
184 295 228 358 96
534 291 791 352 ΑΙΣΧΙΝΟΤ

184 460 370 544 ἐγχειροῦσι
389 450 558 522 διδάσκειν
573 451 749 538 προσέχειν
765 449 826 520 τόν
849 457 943 517 νοῦν.
968 449 1038 538 ἅμα
1057 448 1093 520 δ’
1111 454 1145 534 ξ
1160 471 1206 527 115

185 552 289 641 ἀρχῆς
299 557 477 640 διεξῆλθον
486 551 549 637 τήν
571 557 679 620 κτίσιν
689 557 751 617 τοῦ
761 553 856 634 ἰεροῦ
866 551 921 617 καί
931 549 994 636 τήν
1003 549 1143 638 πράτην

186 653 335 722 σύνοδον
344 655 529 739 γενομένην
539 659 608 719 τάν
623 647 892 736 Ἀμφικτυόνων,
914 651 969 717 καί
980 647 1060 728 τούς
1081 648 1144 736 ὅρ-

185 777 267 831 κους
277 749 390 818 αότν
400 748 567 836 ἀνέγνων,
587 753 625 818 ἐν
643 743 692 826 οἰς
714 753 855 834 ἔνορκον
870 741 914 834 ήν
935 761 1006 827 τοῖς
1025 746 1144 835 ἀρχαί-

186 872 237 925 οις
257 852 420 935 μηδεμίαν
444 847 543 915 πόλιν
560 855 627 915 τάν
651 844 936 932 Ἀμφικτυονίδων
953 841 1143 916 ἀνάστατον

186 946 339 1033 ποιήσειν
363 942 440 1032 μηδ’
464 942 599 1013 ὑδάτων
626 948 829 1030 ναματιαίων
856 947 976 1027 εἴρξειν
1003 941 1080 1030 μήτ’
1106 948 1142 1012 ἐν

99 1050 102 1060 '
186 1048 317 1133 πολέμῳ
329 1041 405 1128 μήτ’
416 1046 454 1111 ἐν
464 1042 590 1130 εἰρήνη,
603 1040 707 1109 ἐὰνδὲ
714 1067 763 1120 τις
773 1048 876 1110 ταῦτα
884 1048 1030 1131 παραβῇ,
1041 1061 1142 1130 στρα·

185 1142 319 1210 τεάσειν
330 1143 382 1210 ἐπὶ
394 1148 516 1209 τοῦτον
526 1144 582 1209 καί
591 1138 651 1221 τάς
662 1141 777 1221 πόλεις
787 1139 1004 1228 ἀναστήσειν,
1015 1145 1071 1210 καί
1082 1142 1143 1210 ἐάν

114 1262 167 1318 285
186 1267 235 1326 τις
255 1236 278 1328 ή
297 1248 384 1330 συλᾷ
404 1239 451 1332 τιίΙ
461 1247 522 1308 τοῦ
541 1248 628 1308 θεοῦ
644 1235 667 1327 ή
683 1243 822 1328 συνειδῇ
837 1266 869 1308 τι
885 1235 908 1327 ή
924 1239 1094 1327 βουλεύσῃ
1111 1265 1144 1308 τι

186 1337 270 1409 κατά
294 1347 363 1407 τάν
385 1342 500 1424 ἰεροδν,
521 1337 721 1425 τιμωρήσειν
737 1341 793 1407 καί
811 1340 894 1426 χειρί
910 1340 966 1406 καί
988 1341 1059 1405 ποδὶ
1079 1341 1143 1407 καί

187 1445 286 1526 φωνή
306 1439 362 1504 καί
378 1436 468 1524 πάση
490 1435 645 1522 δυνάμει·
666 1440 721 1506 καί
743 1444 873 1524 προσήν
893 1443 940 1527 τῷ
964 1434 1052 1526 ὅρκῳ
1072 1433 1143 1521 ἀρά
1160 1453 1205 1506 116

188 1538 316 1624 ἰσχυρά.
337 1533 465 1604 τούτων
477 1539 515 1602 δὲ
530 1533 820 1621 ἀναγνωσθέντων
829 1533 1052 1622 ἀπεφηνάμην
1057 1585 1067 1619 ,
1091 1532 1144 1602 ότι

189 1637 261 1722 ἐμοὶ
278 1629 372 1702 δοκεῖ
385 1637 515 1703 δίκαιον
532 1633 617 1702 εἰναι
633 1631 677 1722 μή
695 1635 856 1722 περιορᾶν
873 1636 1144 1720 κατεσκαμμένας

187 1731 246 1811 τὰς
257 1735 295 1801 ἐν
305 1742 463 1812 Βοιωτοῖς
472 1731 592 1814 πόλεις.
604 1733 656 1803 ότι
667 1731 699 1801 δ’
712 1726 799 1821 ήσαν
808 1732 1074 1820 Ἀμφικτυονίδες
1086 1736 1144 1801 καί

188 1839 337 1919 ἔνορκοι,
359 1833 658 1920 κατηριθμησάμην
674 1836 758 1919 ἔθνη
776 1832 904 1900 δυόδεκα
913 1830 954 1900 τά
965 1833 1144 1917 μετέχοντα

187 1938 249 2001 τοῦ
261 1935 366 2019 ἰεροῦ,
379 1928 574 2018 Θετταλοὺς,
585 1929 762 2018 Βοιωτοὺς,
775 1928 816 2000 οὐ
829 1937 996 2018 Θηβαίους
1003 1929 1144 2017 μόνους,

189 2036 343 2117 Δωριάς,
364 2029 499 2115 Ἴωνας,
510 2027 729 2117 Περραιβοὺς,
741 2029 937 2116 Μάγνητας,
950 2029 1145 2116 [Δόλοπας,]

188 2126 356 2210 Λοκροὺς,
377 2131 547 2210 Οἰταίους,
567 2125 739 2212 Φθιώτας,
758 2127 905 2214 Mamas,
928 2125 1147 2206 Φωκέας.καί

119 2241 171 2297 286
187 2224 317 2293 τούτων
340 2228 446 2302 ἔδειξα
469 2225 611 2291 ἕκαστον
626 2230 728 2304 ἔθνος
745 2224 914 2312 ἰσόψηφον
930 2224 1146 2312 γιγνόμενον,

187 2319 225 2390 τό
242 2322 397 2408 με’γιστον
412 2329 459 2411 τῷ
477 2319 640 2408 ἐλάττονι,
664 2319 725 2390 τόν
740 2321 866 2409 ήκουτα
880 2325 917 2391 ἐκ
933 2328 1070 2406 Δωρίου
1088 2327 1148 2392 καί

187 2429 350 2493 Κυτινίου
372 2432 446 2491 ἰσον
469 2421 660 2508 δυνάμενον
679 2427 968 2509 Λακεδαιμονίοις,
991 2422 1054 2490 δύο
1076 2419 1146 2509 γάρ
1232 2427 1233 2495 ἰ

189 2523 323 2610 ψήφους
333 2524 474 2591 ἕκαστον
485 2523 578 2608 φέρει
590 2527 699 2604 ἔθνος,
713 2522 816 2590 πάλιν
825 2524 862 2589 ἐκ
873 2528 940 2589 τῶν
949 2519 1071 2590 Ἰάνων
1083 2518 1146 2590 τόν

187 2617 333 2706 Ἐρετριᾶ
360 2623 415 2690 καί
424 2623 573 2707 Πριηνέα
584 2616 856 2706 τοῑςἈθηναίοις,
866 2623 921 2688 καί
930 2617 1009 2700 τοὺς
1019 2619 1146 2699 ἀλλους
1231 2699 1232 2714 ,

190 2719 273 2788 κατά
291 2717 405 2789 ταύτά.
427 2718 490 2807 τήν
503 2721 564 2806 μὲν
582 2711 645 2787 οὖν
656 2717 762 2806 ἀρχήν
772 2726 830 2806 τής
841 2726 1010 2805 στρατείας
1020 2719 1146 2805 ταύτης
1163 2731 1201 2788 117
1231 2715 1232 2767 ί

189 2815 287 2885 ὁσίαν
297 2821 352 2886 καί
364 2823 495 2886 δικαίαν
504 2817 729 2906 ἀπεφηνάμην
745 2817 846 2888 εἰναι·
868 2822 1099 2905 συλλεγέντων
1110 2819 1147 2887 δὲ

189 2925 258 2985 τῶν
266 2915 517 3003 Ἀμφικτυόνων
529 2924 574 2998 εἰς
584 2917 622 2986 τό
635 2919 727 3006 ἰερὸν
736 2921 791 2986 καί
801 2919 969 3006 τυχόντων
980 2925 1147 3006 σωτηρίας
1230 2919 1231 2992 λ

121 3039 172 3095 287
192 3021 248 3088 καί
262 3017 382 3105 ψήφου
397 3013 476 3096 τούς
492 3022 618 3100 αἰτίους
628 3027 686 3108 τῆς
698 3022 731 3100 ἐξ
742 3018 845 3106 άρχής
855 3018 1071 3107 καταλήψεως
1082 3026 1146 3087 τοῦ
1230 3021 1231 3039 ³

190 3121 285 3199 ἰεροά
294 3120 385 3202 δίκης
394 3113 511 3202 ήξίουν
518 3131 638 3203 τυχεῖν,
650 3116 694 3205 μή
701 3117 759 3197 τὰς
767 3123 927 3205 πατρίδας
933 3116 1057 3205 αάτοδν,
1069 3111 1145 3186 ἀλλ’

190 3209 313 3292 αὐτοὺς
330 3211 410 3292 τοὺς
426 3215 725 3303 χειρουργήσαντας
742 3220 797 3285 καί
807 3216 1073 3305 βουλεύσαντας,
1088 3214 1146 3294 τάς
1229 3299 1230 3311 ,

189 3319 227 3384 δὲ
237 3314 348 3393 πόλεις
358 3314 564 3400 παρεχούσας
575 3321 620 3395 εἰς
628 3323 740 3401 κρίσιν
749 3315 827 3396 τούς
836 3314 1057 3404 ἀδικήσαντας
1065 3312 1146 3400 ἀζη-

191 3419 287 3497 μίους
303 3412 396 3480 εἰναι.
418 3419 473 3498 „sl
488 3411 521 3480 δ’
540 3412 726 3494 ἐπεξελθὼν
744 3413 883 3501 δυνάμει
899 3413 1095 3502 βεβαιώσεις
1103 3409 1144 3479 τά

121 3525 173 3580 νεθ
190 3513 347 3594 Θηβαίων
363 3508 563 3598 ἀδικήματα,
588 3511 668 3597 παρ’
687 3505 736 3580 όν
754 3511 816 3599 μὲν
830 3518 967 3602 βοηθεῖς
983 3507 1047 3580 οάκ
1058 3508 1145 3578 ἀπυσ
