2450 3950
49 225 137 279 0212.
330 225 678 278 εμεεεεοιλεῑεοε.
914 231 974 294 153

50 413 105 476 ταῖς
120 404 322 521 μαρτυρίαις,
350 388 378 468 6
393 396 515 521 ἄνδρες
533 405 700 486 δικασταί,
726 399 858 488 πρῶτον
874 397 937 522 μὲν
954 393 974 486 6

48 525 94 567 ιον
84 494 292 622 Εὐφιλήτου
317 497 438 589 μήτηρ,
464 494 506 587 ἡν
522 488 614 569 οῦτοι
638 493 890 588 όμολογοῦσιν’
871 495 975 588 αστὴν

50 597 133 686 εἶναι,
154 594 253 720 ὅρκον
274 595 391 722 ὀμόσαι
414 603 469 669 ἐπὶ
486 628 545 670 του
535 601 735 687 διαιτητοῦ
750 597 903 687 ἐβούλετο
922 602 975 670 ἐπὶ

48 706 195 793 Δελφινίῳ
221 689 244 788 6
267 697 333 789 μὴν
357 702 490 772 τουτουί
505 696 697 789 Εὐφίλητον
723 699 808 770 εἶναι
826 694 915 782 6‘
875 701 976 787 αὐτῆς

49 801 90 866 καί
106 828 161 869 του
153 795 338 918 ἡμετέρου
354 798 485 890 πατρός.
523 806 679 871 καίτοιί
644 829 662 870 τ
676 829 719 870 να
736 803 881 890 προσῆκε
897 803 976 888 μᾶλ·

47 907 91 967 λον
114 897 211 989 αὐτῆς
223 906 364 1023 ἐκείνης
382 905 485 972 τοῦτο
502 905 641 987 είδέναις
660 908 811 990 ἔπειτα,
812 927 838 970 ιο
826 891 977 988 ἄνδρες

47 998 232 1090 δικασταίῇ
216 1031 234 1072 ο
261 1001 380 1094 τιατὴρ
391 998 410 1072 6
436 997 608 1126 ἡμέτερος,
634 997 675 1072 όν
700 999 786 1082 εἰκός
813 1004 880 1071 ἐστι
897 996 978 1090 μετὰ

46 1096 93 1219 τὴν
106 1099 217 1172 τούτου
227 1104 352 1193 μητέρα
367 1099 485 1193 όριστα
500 1100 558 1173 τόν
568 1098 671 1172 αὐτου
660 1098 758 1173 υίόυ
767 1099 977 1225 γιγνώσκειν,

46 1188 123 1280 οῦτος
146 1201 254 1272 καί
216 1230 291 1273 τοτε
316 1205 371 1273 καὶ
388 1205 467 1274 νυνὶ
484 1199 672 1291 βούλεται’
655 1201 772 1293 ομόσαι
788 1192 814 1321 ἡ
826 1199 893 1292 μὴν
909 1198 977 1272 Εὐ-

47 1306 163 1418 φίλητον
179 1305 312 1425 τουτρνδ
338 1301 413 1374 υίόν
440 1303 525 1374 εἶναι
551 1299 655 1374 αὐτοῦ
681 1299 830 1390 έξᾶστῆς
848 1304 902 1372 καὶ
919 1330 977 1389 γα·

46 1404 124 1488 μετὴς
138 1401 301 1490 γυναικός.
345 1402 427 1494 πρός
443 1403 572 1486 τούτοις
587 1412 719 1493 τοίνυν,
747 1433 773 1474 ω
761 1393 911 1494 ἄνδρες
930 1409 977 1472 δι·
996 1412 1028 1464 10

47 1511 158 1592 κασταί,
192 1503 255 1593 έγοδ
292 1502 471 1594 ἐτύγχανον
504 1505 566 1628 μὲχ
598 1507 883 1628 τρισκαιδεκαέτης
917 1532 977 1591 ων,

48 1595 136 1693 όστερ
160 1608 212 1675 καὶ
229 1603 391 1728 πρότερον
409 1601 564 1694 είιτον,”
544 1632 599 1675 οτε
615 1596 710 1686 οῦτος
728 1607 917 1694 ἐγένετο,”
897 1633 977 1675 ετοι-
1025 1617 1027 1621 ’

47 1728 92 1786 ρος
115 1701 143 1772 δ
163 1702 262 1795 εἰμί’
245 1703 364 1795 ομόσαι
389 1695 493 1829 ἡμὴν
510 1701 701 1794 Εὐφίλητον
726 1709 857 1776 τουτονὶ
882 1702 977 1776 ἀδελ-

48 1799 97 1886 φόν
121 1805 199 1876 εἶναι
225 1801 402 1896 έμαυτοῦ’
387 1804 593 1898 ομοιτάτριον.
630 1801 729 1894 ὥστε,
748 1835 774 1875 ω
762 1796 911 1896 ἄνδρες
930 1812 977 1874 δι-

49 1913 159 1996 κασταί,
196 1914 332 1988 δικαίως
370 1899 412 1977 ἂν
446 1908 501 1976 καὶ
534 1904 611 1986 τοῦς
632 1899 826 2026 ἡμετέρους
859 1903 978 1994 ὅρκους

50 2011 234 2100 πιστοτέρους
260 2001 460 2097 νομίζοιτε’“
438 2035 459 2095 η
476 2002 554 2088 τούς
579 2003 708 2076 τούτων
725 2003 858 2093 λόγους·
885 2000 980 2094 ἡμεῖς

50 2103 142 2186 μέν
50 2130 163 2224 μγαρ
180 2105 326 2201 ἀκριβοῦς
344 2103 503 2190 είδότες’
485 2106 603 2196 ομόσαι
614 2103 750 2197 περὶ’
707 2135 811 2177 αυτου
799 2109 977 2196 θέλομεν,

50 2192 120 2276 οὗτοι
144 2211 307 2280 δὲταῦτα
323 2205 497 2297 ὐκηκοότες
524 2204 612 2302 παρὰ
636 2211 703 2281 τοῖν
720 2206 839 2281 τούτου
864 2206 979 2298 διαφό-

51 2303 140 2421 6666
164 2308 257 2382 αὐτοὶ
284 2307 479 2393 τιλύττοντες
504 2315 644 2400 λέγουσι.
685 2308 766 2400 πρός
785 2312 822 2382 δὲ
838 2309 977 2399 τούτοις,
997 2327 1028 2377 11

52 2391 187 2501 όᾶνδρες
207 2406 409 2501 δικασταί,“
391 2428 485 2501 ἡμεῖς
495 2412 556 2502 μὲν
572 2409 650 2493 τοῦς
661 2427 840 2535 συγγενεῖς
857 2409 978 2532 μάρτυ-

52 2529 94 2588 66
108 2514 157 2580 καὶ
174 2515 226 2583 ἐπὶ
243 2513 311 2582 τοῖν
324 2515 499 2601 διαιτητῶν
508 2515 563 2582 καί
578 2507 669 2600 ἐφ’“
650 2516 745 2600 υμοῦν
756 2508 978 2630 παρεχόμεθα,

52 2598 140 2683 θ’ἷς
106 2637 161 2680 ουκ
186 2610 278 2736 όὶξιοη
303 2610 468 2682 ὐπιστεϊν
495 2603 586 2682 οῦτοι
605 2613 659 2699 δέ,
692 2608 804 2726 ἐπειδὴ
831 2604 979 2724 ἔλαχενό

52 2701 276 2831 Εὐφίλητος
238 2742 301 2802 την
328 2719 426 2800 δίκην
450 2710 511 2800 τὴυ
536 2713 700 2803 προτέραν
725 2711 772 2800 τῷ
796 2711 898 2799 κοινῷ
914 2711 981 2776 τοῖν

54 2807 188 2894 ἂνίμετεόν
202 2816 259 2884 καὶ
276 2818 324 2906 τῷ
340 2811 413 2883 τότε
431 2812 669 2903 δημαρχοῦντι,
696 2806 732 2890 69
749 2811 814 2880 νῦν
831 2805 981 2878 τετελεύ-

52 2931 124 2998 166,
142 2914 200 2984 660
219 2922 274 3002 ἔτη
291 2941 350 2984 του
338 2916 538 3002 διαιτητοῦ
553 2909 614 3000 τὴν
634 2918 763 2982 δίαιταν
773 2917 902 3001 ἔχοντος
920 2905 982 2981 οῦκ

55 3005 258 3139 ξύυνὴδησαν
259 3012 428 3104 οὐδεμίαν
453 3022 637 3106 μαρτυρίαν
665 3008 776 3103 εὑρεῖν
801 3008 846 3093 69
868 3007 980 3081 οὑτοσὶ

55 3097 132 3181 όλλου
156 3113 243 3196 τινός
268 3113 390 3206 πατρός
417 3110 551 3186 ἐστιν
530 3143 551 3203 η
577 3117 638 3186 τοῦ
653 3109 821 3203 ἡμετέρου.
857 3128 925 3193 τοῖς
944 3111 981 3179 δὲ

57 3207 177 3284 διαιτῶσι
199 3218 336 3305 μέγιστα
353 3232 472 3305 σημεῖα
488 3206 531 3304 ἡν
547 3244 607 3285 του
595 3213 816 3298 ’ψεύδεσθαι
832 3210 980 3296 τούτους,

57 3308 95 3374 ²⁰6
116 3314 348 3406 κατεδιῄτησαν
374 3313 485 3387 αύτῦυ
510 3312 696 3405 ἀμφότεροι.
739 3320 810 3383 Καί
829 3338 884 3399 μοι
901 3308 982 3396 λαβὲ

56 3407 97 3490 ¹6
111 3417 261 3508 προτέρας
280 3424 407 3505 διαίτης
424 3415 485 3505 τὴυ
502 3422 694 3508 μαρτυρίαν.

140 3555 150 3571 ”
407 3545 605 3598 ΜΑΡΤΤΡΙΑ.
