2474 3946
350 277 478 335 ΚΑΤΑ
503 275 765 338 TIMAPXOY.
989 275 1030 340 83

27 449 63 505 94
166 442 283 504 Καίτοι
299 435 508 521 λογογράφος
521 435 562 520 γέ
573 461 622 514 τις
635 433 784 521 φησὶν,ὁ
796 433 1031 522 μηηανύμενος

79 534 194 614 αύτοίς
209 531 409 619 ἀπολογίαν,
432 536 565 600 ἐναντία
575 559 615 618 με
626 535 733 617 λέγειν
742 536 896 623 ἐμαυτῷ,
911 529 952 600 οὐ
964 530 1029 621 γάρ

80 636 122 722 δή
145 639 238 702 δοκεῖ
256 631 341 702 εἶναι
362 629 452 722 αύτῷ
473 631 620 698 δννατδν
642 629 701 697 τὸν
724 628 827 700 αύτὸν
846 628 1031 718 ἀνθρωπον

80 738 334 815 πεπορνεῦσθαι
349 729 404 796 καὶ
420 725 460 796 τά
477 737 613 817 πατρῷα
629 731 908 816 κατεδηδοκέναι·’
922 729 959 797 τδ
970 731 1030 815 μὲν

80 830 149 920 γάρ
164 829 389 917 ἡμαρτηκέναι
406 852 438 895 τι
451 827 526 913 περὶ
542 826 578 895 τὸ
597 832 692 913 σῶμα
708 823 826 905 παιδδς
843 823 930 896 εἶναί
937 847 1030 913 φησι,

80 929 118 998 τδ
139 928 175 997 δέ
191 924 233 996 τά
243 931 378 1016 πατρῷα
396 929 650 1011 κατεδηδοκέναι
673 921 804 1012 ἀνδράς.
826 930 874 994 ἐτι
895 924 931 994 δέ
952 924 1031 1004 τούς

81 1024 362 1111 καταισχύνοντας
373 1020 496 1101 αύτούς
507 1023 652 1108 μισθούς
662 1045 744 1112 φησι
755 1023 958 1108 πράττεσθαι
969 1031 1031 1094 τοῦ

81 1125 281 1211 πράγματος.
305 1121 554 1206 ἀποθαυμάζων
571 1113 634 1188 οὖν
649 1124 852 1210 περιέρχεται
868 1124 1031 1208 καὶτερα-

80 1221 260 1308 πενόμενος
271 1217 353 1290 κατά
370 1217 432 1306 τήν
449 1217 592 1305 ἀγοράν,
614 1218 675 1289 είὸ
694 1219 1034 1308 αύτδςπεπόρνευταί

34 1337 67 1390 95
83 1345 118 1388 τε
128 1320 184 1388 καὶ
194 1318 235 1386 τά
245 1325 382 1406 πατρῷα
392 1317 621 1406 κατεδήδοκεν.
643 1323 677 1406 εί
686 1320 725 1387 δέ
732 1346 782 1408 τις
797 1317 914 1406 ἀγνοεῖ
926 1317 1030 1388 ταῦθ’
1048 1332 1099 1384 115

82 1418 173 1498 ὅπως
185 1423 265 1504 ἔχει,
285 1413 350 1502 ἐγω
369 1419 573 1502 σαφέστερον
584 1413 668 1484 αύτά
680 1417 878 1506 πειράσομαι
889 1422 1030 1506 διορίσαι

81 1527 128 1608 τῷ
146 1517 244 1610 λόγῳ.
270 1519 331 1595 ἕως
348 1513 489 1602 μὲνγὰρ
506 1512 661 1602 ἀντήρκει
677 1513 766 1602 ἡτής
778 1519 958 1605 ἐπικλήρου
969 1518 1030 1588 ού-

82 1624 153 1702 σία,
178 1613 222 1703 ἣν
238 1613 498 1702 ὁἭγήσοινδρος
514 1612 533 1682 ὁ
550 1619 670 1682 τούτου
689 1620 899 1704 ἐχωνέγημε,
921 1621 977 1686 τιαδ
992 1618 1029 1688 τὸ

80 1713 247 1802 ἀργύριον
253 1719 267 1801 ,’
286 1711 306 1782 δ
322 1707 431 1800 ήλδεν
441 1719 526 1798 έχων
536 1717 572 1780 ἐκ
584 1719 640 1798 τῆς
651 1711 731 1798 μετά
747 1717 935 1803 Τιμομάχου
944 1715 1031 1787 ἀπο-

81 1820 216 1900 δημίας,
246 1805 332 1899 ἦσαν
359 1814 412 1880 ἐπὶ
438 1817 560 1896 πολλῆς
582 1808 750 1895 ἀσελγείας
770 1815 825 1898 καὶ
845 1811 1029 1899 ἀφθονίας·
1083 1823 1085 1826 ’

80 1913 194 2000 ἐπειδή
212 1917 366 2002 δὲταῦτα
381 1913 442 1997 μέν
457 1907 628 1979 ἀπωλώλει
638 1914 694 1984 καὶ
706 1912 966 2000 κατεκεκύβευτο
976 1919 1031 1983 καὶ

79 2009 356 2095 κατωψοφάγητο,
369 2004 523 2076 ούτοσδδ
531 2011 650 2094 ἔξωρος
663 2011 802 2094 ἐγένετο,
815 2012 926 2076 ἐδίδου
938 2008 968 2077 δ’
984 2017 1032 2079 εί-

80 2110 187 2188 κότως
207 2106 316 2185 οὐδεὶς
334 2110 382 2174 ἐτι
403 2103 519 2194 ούδέν,
536 2105 605 2192 ήδέ
615 2104 760 2196 βδελυρά
771 2107 937 2193 φύσιςκαὶ
949 2107 1031 2178 ἀνό-

83 2231 153 2288 σιος
163 2206 184 2295 ή
195 2207 319 2276 τούτου
330 2204 381 2274 ἀεὶ
391 2213 458 2274 των
470 2202 584 2274 αὐτων
595 2205 755 2292 ἐπεθύμει
766 2209 820 2276 καὶ
830 2204 911 2293 καθ’
924 2205 1029 2294 ὑπερ-

82 2304 189 2394 βολήν
207 2303 365 2390 ἀκρασίας
381 2303 495 2390 ἕτερον
511 2300 563 2389 ἐφ’
582 2305 682 2392 έτέρφ
700 2305 859 2390 ἐπίταγμα
880 2305 1030 2374 ἐπέταττε

39 2415 69 2470 96
83 2405 140 2473 καὶ
157 2399 339 2487 ἀπεφέρετο
357 2406 403 2480 είς
418 2398 456 2468 τὰ
474 2398 555 2468 καθ’
571 2397 697 2488 ἡμέραν
714 2406 809 2483 ἔθος,
831 2403 980 2469 ἐνταῦθα
992 2402 1032 2488 δή
1049 2413 1099 2466 116

84 2501 242 2588 ἐτράπετο
259 2501 311 2568 ἐπὶ
320 2497 357 2567 τὸ
369 2511 574 2585 καταφαγεῖν
583 2497 645 2584 τήν
657 2498 815 2590 πατρῴαν
827 2495 953 2568 οάοίαυ.
976 2491 1032 2570 καὶ

84 2600 125 2669 ού
134 2600 244 2688 μόνον
262 2602 423 2684 κατέφαγε
440 2595 480 2664 τά
492 2603 644 2686 πατρῷα,
658 2594 734 2663 ἀλλ’
760 2603 791 2664 εί
805 2593 879 2664 οίόν
894 2595 925 2663 τ’
944 2600 1032 2668 ἐστὶν

84 2704 206 2782 εἰπεῖν,
227 2699 283 2764 καὶ
297 2697 459 2764 κατέπιεν.
481 2693 617 2778 καὶγὰρ
636 2690 715 2760 οάδέ
724 2702 782 2780 τῆς
792 2692 884 2772 ἀξίας
894 2697 1033 2765 ἕκαστον
1050 2719 1099 2774 117

84 2806 153 2870 τοῖν
168 2796 343 2886 κτημάτων
360 2792 517 2879 ἀπέδοτο,
541 2790 615 2861 οὐδ’
640 2791 772 2878 ἐδύνατ’
794 2790 972 2882 ἀναμένειν
992 2793 1030 2866 τδ

83 2899 186 2966 πλέον
198 2893 278 2962 οάδδ
294 2893 331 2964 τδ
348 2899 558 2978 λυσιτελοῦν,
579 2889 663 2961 άλλά
674 2899 735 2961 τοῦ
745 2890 809 2981 ἤδη
822 2891 1033 2982 εὑρίσκοντος

83 2992 274 3062 ἀπεδίδοτο·
298 2991 405 3071 οὕτως
421 2989 574 3079 ἠπείγετο
591 2992 722 3078 σφόδρα
740 2991 1030 3081 πρδςτάςήδουάς.

38 3107 68 3163 97
83 3091 194 3178 τούτῳ
206 3088 272 3177 γάρ
289 3092 461 3158 κατέλιπεν
478 3088 496 3158 ὁ
514 3087 622 3176 πατήρ
640 3088 775 3177 ούσίαν,
799 3089 859 3175 ἀφ’
872 3083 912 3175 ής
923 3092 1033 3175 ἕτερος

84 3194 144 3275 μεν
156 3183 202 3278 ἀν
211 3192 266 3258 καί
276 3189 483 3273 ἐλειτούργει,
493 3179 591 3274 οὗτος
599 3189 635 3256 δέ
647 3185 721 3256 οὐδ’
737 3184 829 3277 αύτῷ
837 3190 1035 3271 διαφυλάξαι

86 3287 248 3374 ἐδυνήθη.
268 3293 377 3357 οἰκίαν
393 3291 453 3373 μὲν
471 3288 536 3375 γάρ
548 3287 693 3356 ὄπισθεν
706 3287 918 3375 τήςπόλεως,
939 3291 1036 3372 ἐσχα-

84 3384 161 3452 τιάν
176 3384 213 3453 δὲ
225 3392 391 3474 Σφηττοί,
411 3383 610 3474 Ἀλωπεκῆσι
622 3382 655 3453 δ’
668 3388 782 3471 ἕτερον
791 3391 929 3472 χωρίον,
941 3387 1038 3470 χωρὶς
1054 3397 1109 3454 118

85 3483 120 3552 δὲ
125 3483 496 3635 ἕξξίτῐοὲἓῆδημιονργούς
506 3492 563 3572 τῆς
573 3490 810 3570 σκυτοτομικῆς
817 3484 932 3634 τέχέης
942 3486 1038 3554 ἐννέα
