2474 3946
299 280 422 338 ΠΕΡΙ
439 280 874 340 ΠΑΡ-ΑΠΡΕΣΒΕΙΑΣ.
1022 280 1064 346 85

109 439 260 527 πολέμῳ,
282 442 565 526 προκαλουμένων
581 437 705 520 αὐτοὺς
720 445 996 528 Λακεδαιμονίων
1017 447 1065 512 εί-

110 536 219 624 ρήυην
235 536 330 622 άγειν
341 543 475 623 ἔχοντας
485 537 568 625 πρός
584 546 624 628 τή
642 536 769 627 ’Λττιιιῇ
779 545 918 627 Λῆμνον
934 539 1064 627 καλἽμ-

109 642 195 722 βρον
205 637 405 722 καλΣιιῦρον
415 639 470 704 καὶ
482 638 814 724 δημοκρατουμένους
824 637 906 706 κατά
916 637 995 718 τοὺς
1003 639 1063 709 νό-

109 757 211 818 μους,
234 732 363 801 τούτων
380 735 441 820 μὲν
458 732 559 802 οὐδὲν
574 733 701 821 ήθελον
718 749 840 821 ποιεῖν,
863 744 1018 822 πολεμεῖν
1027 739 1063 806 δὲ

109 837 321 920 προῃροῦντο
333 828 376 898 οὗ
389 830 587 919 δυνάμενοι,
606 840 773 920 Κλεοφῶν
784 835 820 902 δέ
838 831 856 903 ὁ
872 834 1062 920 λυροποιός,

107 927 149 999 όν
160 931 276 999 πολλοὶ
287 933 465 1017 δεδεμένον
482 933 519 1000 έν
538 935 651 1012 τιέδαις
667 932 914 1020 ἐμνημόνευον,
937 957 1062 1018 παρεγ-

107 1033 246 1116 γραφεὶς
263 1036 406 1117 αἰσχρῶς
422 1037 558 1117 πολίτης
574 1034 629 1100 καὶ
646 1029 859 1118 διεφθαρκιδς
879 1036 966 1118 νομή
980 1055 1061 1118 χρη·
1077 1048 1129 1103 255

106 1127 221 1216 μάτων
232 1127 292 1197 τόν
303 1134 419 1216 δῆμον,
427 1127 744 1218 άποκόψεινήπείλει
755 1136 897 1218 μαχαίρᾳ
907 1129 969 1197 τόν
979 1129 1062 1216 τρά-

55 1238 92 1296 77
109 1236 227 1313 χηλον,
250 1237 285 1297 εἰ
296 1254 345 1307 τις
359 1235 419 1316 τής
430 1229 563 1315 εἰρήνης
573 1229 815 1317 μνησθήσεται·
846 1235 1062 1306 τελευτῶντες

109 1326 145 1394 δὲ
156 1333 201 1406 εἰς
210 1334 309 1396 τοῦτο
320 1324 382 1414 τήν
393 1327 493 1397 πόλιν
501 1327 706 1415 προήγαγον,
719 1326 802 1395 ιόστε
814 1323 989 1414 ἀγαπητῶς
999 1325 1061 1412 τήν

109 1425 245 1513 εἰρήνην
263 1427 467 1512 ποιήσασθαι
479 1424 687 1506 ἀποστάντας
705 1427 841 1496 πάντων
851 1427 906 1495 καί
925 1424 963 1493 τά
973 1431 1060 1513 τείχη

108 1527 313 1605 καθελόντας
329 1529 384 1594 καὶ
400 1529 688 1612 παραδεξαμένους
704 1525 861 1613 φρουράν
879 1526 936 1594 καί
952 1531 1062 1595 Λακε-

109 1628 291 1709 δαιμονίων
309 1621 482 1710 ἁρμοστήν
500 1627 556 1694 καὶ
572 1634 629 1711 τής
646 1629 866 1712 δημοκρατίας
882 1639 950 1706 τοῖς
967 1625 1062 1713 τριά-

106 1720 415 1816 κονταάφεμένους,
427 1727 592 1806 οἳχιλίους
602 1723 656 1790 καί
664 1730 899 1802 πεντακοσίους
907 1721 1062 1806 άκρίτους

103 1829 177 1889 τῶν
188 1828 333 1889 πολιτῶν
343 1817 548 1888 ἀπέκτειναν.
582 1821 643 1905 τήν
659 1820 721 1908 μὲν
730 1821 887 1908 τοιαύτην
898 1819 1062 1908 ἀβουλίαν

106 1915 263 2005 ὁμολογῶ
273 1919 512 2005 παραγγέλλειν
521 1916 758 2005 φυλάττεσθαι,
766 1917 806 1987 τά
819 1918 851 1986 δ’
867 1917 967 2010 ὀλίγῳ
977 1920 1063 2004 πρό-

105 2043 205 2104 τερον
225 2021 381 2104 εἰρημένα
397 2026 579 2104 μιμεῖσθαι.
612 2013 655 2084 οά
673 2015 738 2104 γάρ
760 2017 850 2101 παρά
871 2022 940 2085 τῶν
961 2015 1062 2086 άλλο-

105 2125 217 2202 τρέων,
225 2113 310 2184 άλλοὶ
319 2115 408 2202 παρά
418 2123 479 2184 τοῦ
489 2115 836 2186 πάντωυοίκειοτάτου
844 2123 947 2184 ταῦτα
959 2117 1063 2186 έπυν-

54 2221 92 2279 78
107 2214 273 2302 θανόμην.
304 2211 500 2302 Ἀτρόμητος
513 2212 607 2303 γάρὸ
621 2213 728 2303 πατήρ
740 2212 758 2285 ὁ
770 2211 943 2303 ἡμέτερος,
966 2209 1006 2284 όν
1017 2213 1060 2282 σύ

105 2318 266 2399 λοιδορεῖς
282 2311 356 2382 οὔτ’
375 2312 470 2394 εἰδῶς
486 2312 559 2382 οὔτ’
575 2313 700 2384 έπιδῶν
715 2321 774 2402 τῆς
791 2315 914 2383 ἑαυτοῦ
933 2311 1061 2399 ἡλικίας
1076 2339 1129 2394 255

106 2409 197 2490 ὅστις
204 2404 264 2499 ήν,
276 2414 331 2480 καί
342 2421 462 2498 ταῦτα,
482 2405 754 2500 ῶΔημόοθενες,
773 2416 810 2482 έκ
820 2421 889 2481 τῶν
901 2411 1060 2499 νομάδων

104 2517 256 2579 Σκυθῶν
266 2509 304 2578 τό
317 2510 400 2597 πρός
410 2510 534 2597 μητρός
544 2513 641 2596 γένος
654 2508 719 2596 ῶν,
738 2516 843 2595 έφυγε
855 2510 918 2595 μὲν
928 2512 1060 2578 ἐπὶτῶν

103 2608 300 2693 τριάκοντα,
332 2608 565 2694 συγκατήγαγε
586 2609 621 2676 δὲ
643 2606 703 2674 τόν
724 2611 846 2692 δῆμον·
884 2609 940 2674 καί
965 2604 1061 2694 ὁτής

102 2705 227 2794 μητρός
251 2715 310 2794 τῆς
337 2704 497 2794 ἡμετέρας
522 2703 684 2790 άδελφός,
721 2713 814 2782 θεῖος
835 2703 871 2772 δέ
892 2701 1059 2791 ἡμέτερος,

102 2806 316 2893 Κλεόβουλος
343 2802 361 2874 ό
389 2804 549 2876 Γλαύκου
574 2811 637 2871 τοῦ
667 2800 846 2887 Ἀχαρνέως
871 2799 945 2880 υἱός
978 2795 1060 2888 μετά

102 2906 315 2991 Δημαινέτου
331 2911 392 2972 τοῶ
407 2903 581 2990 Βουζύγου
598 2899 933 2992 συγκατεναυμάχησε
950 2908 1061 2972 Χίλω-

102 3027 147 3069 να
168 3003 230 3070 τόν
251 3007 527 3091 Λακεδαιμονίων
547 3001 732 3090 ναύαρχον·
772 3001 857 3069 ὥστε
877 3000 983 3068 οἰκεῖά
1003 3023 1061 3085 μοι

101 3101 158 3168 καί
175 3101 311 3190 συνήθη
328 3100 368 3170 τά
386 3111 444 3190 τῆς
460 3100 586 3182 πόλεως
604 3100 794 3189 ἀτυχήματα
806 3099 891 3168 εἰναι
901 3112 969 3178 τοίς
981 3095 1062 3167 ῶσὶυ
1075 3105 1129 3166 2⁵⁷

102 3224 249 3269 ακουειν.

52 3309 87 3367 79
185 3297 353 3390 Ἐπιτιμᾷς
364 3305 402 3369 δέ
417 3327 474 3388 μοι
484 3302 539 3369 καὶ
549 3301 612 3387 τήν
626 3302 665 3368 έν
675 3311 743 3378 τοίς
752 3302 882 3385 μυρίοις
895 3293 1058 3380 ἐνἈρκα-

103 3400 157 3486 δία
169 3403 376 3486 δημηγορίαν
387 3401 442 3466 καί
453 3405 649 3486 πρεσβείαν,
668 3399 724 3465 καὶ
740 3401 1009 3482 μεταβεβλῆσθαί
1018 3419 1058 3482 με

102 3493 169 3582 φής
187 3494 289 3576 αὐτός
307 3494 355 3566 ῶν
370 3495 632 3583 άνδρατιοδῶδης
644 3496 704 3563 ’καί
714 3494 821 3581 μόνον
834 3492 898 3563 οὐκ
908 3496 1058 3583 ἐστιγμέ-
