2510 3948
190 246 252 314 1⁷6
542 248 801 308 ΑΙΣΧΙΝΟῬ

232 408 338 488 οὕτως
349 406 449 478 οῦδὲν
460 405 565 488 ἀεικὲς
573 407 779 494 Ἀθηναίοισι
790 414 965 476 καλεῖσθαι

275 503 442 626 κοσμητὰς
452 511 599 592 πολέμου
610 502 640 572 τ’
655 501 741 590 ἀμφὶ
751 506 807 572 καὶ
816 501 967 591 ἠνορέης.

191 614 259 675 ἐστι
269 627 336 673 που
346 631 383 674 το
396 631 465 674 των
475 625 669 690 στρατηγων
681 601 803 688 ὄνομας
815 601 985 690 οὐθαμοῦ,
1010 603 1146 674 ἀλλὰ
1109 633 1150 676 το

189 730 251 774 του
237 702 373 792 δήμου

274 805 486 892 Προσέλθετε
503 800 544 886 δὴ
561 827 601 921 τη
586 806 749 890 διανοίη
767 804 822 869 καί
839 801 932 880 είς
896 828 959 888 τηυ
970 801 1077 870 στοαν
1087 829 1146 889 την
1169 815 1226 870 186

192 910 361 1026 ποικίλην
384 898 541 969 ἁπάντων
562 901 627 986 γὰρ
649 896 729 986 ῦμλν
750 907 819 969 τών
840 906 953 968 καλοῦν
976 900 1142 986 ἔργων
1106 929 1145 969 τα

192 1002 412 1090 ὑπομνήματα
429 1003 521 1070 ἐν
482 1027 522 1088 τη
538 997 645 1087 ἀγορᾶ
664 997 843 1066 ἀνάκειται.
866 1005 901 1066 τί
913 990 978 1065 οῦν
988 1001 1147 1085 ἐστιυ,ώ

188 1100 377 1186 Ἀθηναῖοι,
392 1125 410 1167 ο
396 1095 487 1184 “ῦγώ
498 1099 598 1183 λέγω;
610 1094 788 1166 ἐνταῦθα’
771 1124 791 1182 η
804 1098 841 1164 ἐν
851 1101 1050 1182 Μαραθῶνι
1058 1095 1145 1188 μάχη

124 1217 175 1276 576
190 1203 378 1287 γέγραπται.
401 1203 449 1276 τίς
465 1189 529 1265 οῦν
545 1188 581 1281 ἧι
606 1195 831 1280 ὁστρατηγός;
856 1192 978 1262 οὑτωσί
988 1198 1147 1281 μενέρω-

190 1304 348 1388 ταθέντος
371 1297 515 1376 ἅπαντες
536 1293 776 1383 ἀποκρίναισθε
797 1291 856 1381 ἄν,
879 1293 930 1362 ὅτι
947 1295 1147 1380 Μιλτιάδης,

191 1400 303 1470 susm
314 1395 376 1465 οῦκ
387 1398 629 1482 ἐπιγέγραπται.
647 1402 732 1475 πώςς
754 1391 817 1461 οὐκ
831 1391 931 1482 ᾔτησε
941 1390 1005 1478 τὴν
1016 1393 1149 1478 δωρεὰν

191 1497 333 1582 ταῦτηνς
356 1492 494 1583 ᾔτησεν,
517 1489 589 1559 ἀλλ’
604 1487 810 1577 ὁθημοςοῦκ
821 1495 962 1574 ἔδωκεν,
984 1487 1061 1556 ἄλλ’
1074 1487 1152 1557 ἀντὶ

193 1603 254 1660 τοῦ
271 1592 434 1677 ὀνόματος
455 1588 687 1676 συνεχώρησεν
708 1586 801 1680 αὐτῷ
822 1587 941 1677 πρώτω
963 1595 1151 1674 γραφῆναι,

194 1695 443 1778 παρακαλοῦντι
452 1685 532 1767 τοῦς
543 1687 749 1775 στρατιώτας.
772 1690 808 1756 ἐν
819 1693 934 1754 τοίνυν
943 1692 990 1776 τῷ
1002 1687 1151 1776 μητρώῳ
1168 1700 1222 1756 187

194 1788 282 1876 παρὰ
295 1783 333 1856 τό
347 1787 604 1876 βουλευτήριον,
617 1783 661 1872 ἣν
672 1791 763 1854 ἔδοτε
775 1783 906 1873 δωρεὰν
914 1799 983 1865 τοῖς
992 1783 1062 1854 ἀπὸ
1078 1792 1153 1853 Φυ-

195 1900 253 1978 λῆς
264 1890 434 1976 φεύγοντα
443 1885 503 1958 τὸν
514 1892 621 1975 δῆμον
631 1893 886 1972 καταγαγοῦσιν,
897 1891 987 1954 ἔστιν
997 1891 1096 1954 ἰδεῖν.
1108 1878 1152 1971 ἦν

195 1988 336 2076 μὲνγὰρ
355 1985 373 2055 ὁ
390 1987 427 2055 τὰ
446 1987 601 2074 ψήφισμα
613 1986 743 2071 γράψας
759 1987 815 2053 καλ
825 1983 963 2072 νικήσας
971 1981 1151 2070 Ἀρχλνοςὸ

196 2089 232 2153 ἐκ
248 2090 387 2170 Κοίλης,
412 2079 457 2164 είς
472 2091 541 2152 τών
558 2082 812 2168 καταγαγόντων
822 2081 882 2150 τὸν
893 2085 1013 2169 δῆμον,
1025 2087 1153 2167 ἔγραψε

196 2180 232 2246 θλ
242 2185 376 2264 πρώτον
386 2181 448 2265 μὲν
465 2179 576 2260 αὐτοῖς
586 2187 631 2259 είς
642 2185 767 2249 θυσίαν
784 2182 838 2249 καλ
854 2179 1053 2268 ἀναθήματα
1064 2184 1152 2248 θοῦ-

196 2302 251 2344 ναι
269 2281 372 2362 χιλίας
389 2277 552 2364 δραχμὰς,
575 2281 630 2345 καί
650 2276 743 2346 τοῦτ’
762 2279 850 2347 ἐστίν
868 2284 1006 2347 ἔλαττον
1025 2273 1049 2366 ἢ
1068 2281 1152 2347 δέκα

196 2376 337 2464 δραχμαὶ
354 2373 427 2443 κατ’
448 2374 555 2464 ἄνδρα
573 2376 730 2464 ἕκαστον,
753 2382 862 2444 ἔπειτα
878 2377 1007 2445 κελεύει
1024 2397 1153 2462 στεφα-

127 2489 178 2546 677
196 2483 342 2544 νοῦσθαι
362 2481 493 2543 θαλλοῦ
517 2474 670 2564 στεφάνῳ
692 2473 804 2543 αῦτών
827 2475 983 2558 ἕκαστον,
1007 2472 1085 2543 ἀλλ’
1110 2472 1152 2542 οῦ

194 2580 325 2662 χρυσῷ·
337 2575 411 2641 τότε
421 2573 483 2660 μὲν
492 2571 557 2660 γὰρ
568 2566 611 2659 ἦν
622 2570 639 2640 ὁ
652 2581 714 2641 τοῦ
722 2581 852 2641 θαλλοῦ
861 2575 1152 2659 στίφαυοςτίμιος,

195 2672 272 2739 νυυλ
285 2671 320 2740 δὲ
329 2667 411 2738 καὶὸ
424 2679 570 2759 χρυσοῦς
581 2671 878 2758 καταπεφρόνηται.
890 2674 945 2739 καλ
955 2669 1037 2740 οὐδὲ
1049 2679 1152 2740 τοῦτο

196 2774 267 2857 είκῇ
279 2773 400 2855 πρᾶξαι
410 2769 554 2856 κελεύει,
567 2765 640 2861 ἀλλ’
655 2767 798 2856 ἀκριβῶς
810 2766 871 2856 τὴν
884 2769 1013 2857 βουλὴν
1023 2783 1154 2851 σκεψα-

161 2877 164 2884 ’
196 2871 310 2954 μένην,
322 2864 396 2933 ὅσοι
406 2866 519 2936 αῦτών
529 2870 583 2938 ἐπὶ
594 2875 689 2956 Φυλῇ
700 2870 998 2957 ἐπολιορκήθησαν,
1009 2868 1063 2939 ὅτε
1072 2878 1152 2938 Λα-

196 2961 459 3050 κεῦαιμόνιοικαὶ
467 2969 500 3032 οί
504 2965 682 3048 τριάκοντα
689 2968 991 3052 προσίβαλλουτοῖς
1003 2975 1152 3036 καταλα-

196 3067 296 3146 βοῦσι
308 3058 441 3148 Φυλὴν,
454 3059 514 3148 οὐχ
525 3061 600 3131 ὅσοι
609 3063 672 3152 την
682 3065 773 3146 τοίξιν
785 3070 898 3133 ἔλιπον
909 3069 946 3134 ἐν
958 3073 1151 3156 Χαιρωνείᾳ

196 3163 265 3222 τών
276 3165 442 3245 πολεμίων
452 3159 625 3229 ἐπιόντων.
646 3160 697 3230 ὅτι
708 3160 740 3229 θ’
754 3159 864 3249 ἀληθῆ
876 3166 978 3248 λέγω,
992 3161 1152 3251 α’ναγνώ-

198 3273 288 3322 σεται
299 3252 379 3343 ὑμίν
390 3255 427 3326 τὸ
439 3258 603 3346 ψήφισμα.
820 3309 821 3314 1

275 3361 499 3426 ΨΗΦΙΣΜΑ
516 3367 625 3428 ΠΕΡΙ
642 3366 831 3430 ΛΩΡΕΑΣ
850 3369 960 3430 ΤΟῙΣ
979 3370 1077 3432 ΑΠΟ
