2444 3946
36 1249 44 1287 ί

221 241 260 304 18
642 233 770 285 ιεειοε
920 225 925 242 ·
1077 233 1128 284 οι.
1147 233 1167 282 1.

171 437 173 446 ¹
220 437 282 479 νου
306 406 456 476 διάνοιαν
484 409 541 494 τής
569 401 725 500 ήμετέρας
748 402 876 512 αὐτῶν,
907 402 1169 533 ἀποθνήσκοντες

221 491 260 578 δὲ
286 503 405 588 ἀλλους
434 505 656 598 κληρονόμους
686 487 925 626 ἐβουλήθημεν
950 506 1034 576 εἶναι
1066 503 1168 574 αὐτόν

167 625 201 674 47
219 612 343 738 μάλλον
365 603 385 696 ή
410 605 468 676 τόν
490 605 633 676 πάντων
647 605 855 678 οἰκειότατον.
898 595 985 676 ὅσθ’
1009 602 1094 696 ήμάς
1116 635 1169 694 μεν

221 715 257 780 ἐν
285 706 496 828 ἀμφοτέροις,
525 735 550 775 ω
579 704 715 798 ἀνδρες,
745 710 802 776 καὶ
835 711 871 776 ἐν
899 735 945 798 τηε
974 711 1092 777 δούναι
1122 708 1167 773 καλ

221 814 257 881 ἐν
278 838 324 902 τφ
347 816 463 896 λαβεῖν
484 814 626 888 οἰκείους
654 805 750 888 ὄντας
778 802 949 897 εὑρήσετε,
978 806 1168 886 τούτουςε
1139 807 1168 873 δὲ

220 915 285 982 νύν
302 911 363 999 μὲν
380 905 680 998 ἀναισχυντοῦντας
697 905 806 978 καλ
769 937 831 996 την
842 907 1026 995 οἰκειότητα
1045 905 1149 976 καὶ
1118 935 1169 992 την

222 1008 411 1100 ἀγχιστείαν
433 1011 603 1098 λέγοντας,
627 1003 871 1096 διαλήψεσθαί
884 1037 916 1078 τι
933 1011 1168 1098 προσδοκῶσιν

224 1117 259 1182 ε’ν
278 1111 315 1180 δὲ
336 1115 383 1202 τῷ
406 1111 524 1180 δοῦναι
546 1103 730 1190 πολλούς
710 1138 752 1180 αν
774 1109 830 1179 καὶ
852 1123 1023 1198 συγγενεῖς
1046 1111 1102 1178 καλ
1124 1116 1167 1196 φί-

170 1213 300 1292 ’λονς
319 1215 446 1281 ἐκείνου
464 1219 667 1302 προείλοντο
673 1238 690 1279 o
693 1211 924 1332 ίκειοτέρους.

170 1329 204 1379 48
296 1311 488 1401 Κεφάλαιον
518 1312 555 1382 δὲ
577 1339 644 1380 των
668 1313 907 1400 εἰρημένων,
896 1337 921 1378 ω
945 1308 1072 1390 πάντας
1094 1304 1168 1396 ύμας

221 1415 393 1504 προσέχειν
412 1410 513 1482 δεῖ
480 1441 538 1481 τον
555 1415 653 1481 νούν
672 1407 738 1504 ὅσῳ
762 1408 824 1500 γάρ
847 1405 889 1480 ἀν
906 1436 1011 1479 ταντα
1027 1413 1169 1498 λέγοντες

222 1511 431 1603 ἀποφαίνωσι
455 1515 509 1580 καλ
533 1515 710 1602 πειρῶνται
733 1505 908 1581 πείθειν
887 1513 973 1599 νμάς
991 1505 1035 1591 εός
1056 1516 1169 1586 ἐκεῖνος

223 1617 353 1684 διέθετο
371 1612 491 1693 ταύτας
508 1609 565 1693 τάς
585 1611 747 1700 διαθήκας
765 1616 820 1680 καί
838 1607 923 1682 ούδδΙ
935 1609 1070 1680 πώποτε
1086 1607 1168 1680 {Jove-

223 1743 283 1804 ρον
306 1710 397 1806 αὐτῷ
424 1715 635 1802 μετεμέλησε,
664 1715 719 1782 καὶ
742 1717 807 1782 νῦν
835 1713 897 1802 μὲν
921 1710 1075 1799 ἐβούλετο
1097 1707 1169 1799 ἡμᾶς

222 1815 328 1905 μηδὲν
345 1817 411 1884 των
430 1809 535 1883 αὑτοῦ
550 1821 681 1901 λαβεῖν,
705 1816 799 1902 σφίσι
819 1809 850 1881 δ’
870 1809 981 1892 αὐτοῖς
999 1815 1168 1900 βεβαιῶσαι

171 1935 205 1984 49
222 1915 282 2004 τήν
301 1914 446 2007 δωρεάν,
465 1917 520 1984 καὶ
536 1917 641 1984 ταῦτα
656 1912 764 1989 πάντα
779 1917 929 2001 λέγοντες
946 1915 1002 1982 καλ
1021 1918 1168 2002 διισχυρι-

223 2016 350 2106 ζόμενοι
378 2019 557 2107 μηδέτερον
580 2011 806 2104 ἀποφαίνωσι,
837 2009 920 2103 μήθ’
946 2008 990 2094 οδς
1016 2014 1168 2101 ἐγγυτέρω

223 2121 269 2209 τῷ
286 2120 374 2204 γένει
392 2114 593 2206 προσήκουσι
609 2111 692 2204 μήθ’
712 2110 756 2196 τός
773 2113 970 2204 οἰκειότερον
987 2108 1084 2202 ήμοῖν
1100 2107 1169 2200 πρός

224 2214 426 2305 Κλεώνυμον
445 2219 620 2304 διέκειντο,
643 2211 739 2304 ὑμεῖς
762 2220 965 2303 ἐνθυμεῖσθε
982 2211 1032 2284 ὅτι
1051 2219 1168 2283 ἐκείνου

225 2320 480 2406 κατηγοροῦσιν,
505 2312 578 2384 ἀλλ’
603 2312 663 2404 ούχ
687 2312 731 2396 ὡς
756 2314 886 2385 δίκαιόν
904 2319 970 2384 ἐστι
993 2311 1030 2384 τό
1049 2316 1168 2404 πρᾶγμα

171 2443 206 2492 50
225 2416 439 2488 διδάσκουσιν
456 2412 548 2506 ὑμᾶς.
580 2413 778 2505 ὥσθ’·όμεῖς
795 2412 875 2487 ὅταν
892 2416 954 2504 μὲν
969 2431 1040 2494 τοῖς
1052 2412 1168 2485 τούτων

224 2517 332 2606 λόγοις
355 2517 544 2606 πιστεύητε,
568 2513 609 2588 ού
631 2517 768 2598 τούτους
790 2515 946 2608 προσήκει
964 2518 1098 2603 ποιήσαι
1114 2514 1168 2582 τάν

226 2624 354 2690 ἐκείνου
384 2616 625 2710 κληρονόμους,
659 2615 741 2686 ἀλλά
769 2615 955 2708 παράνοιαν
976 2613 1168 2702 Κλεωνύμου

225 2719 518 2809 καταγιγνώσκειν,
541 2715 621 2788 ὅταν
644 2720 681 2788 δὲ
703 2735 771 2798 τοῖς
788 2713 974 2807 ἡμετέροις,
1000 2713 1126 2786 ἐκεῖνόν
1141 2735 1168 2778 τε

225 2829 368 2909 νομίζειν
391 2817 501 2910 όρθως
522 2823 800 2942 βεβουλευσθαι·
808 2821 907 2886 λύσαι
936 2814 994 2897 τάς
1020 2807 1168 2901 διαθήκας

226 2915 485 3010 βουλόμενον,
468 2923 551 3008 ημάς
574 2946 609 2988 τε
632 2917 676 3008 μή
703 2934 925 3042 συκοφαγτεῖν
947 2914 1029 2986 ἀλλά
1049 2919 1168 2986 δικαίως

173 3037 204 3088 51
225 3019 353 3091 τούτων
370 3017 599 3151 ἀμφισβητεῖν
632 3025 759 3108 ἔπειτα,
779 3044 804 3141 φ
793 3009 973 3141 άνβρες,
979 3022 1168 3106 ἐνθυμεῖσθε

225 3118 275 3191 ὅτι
292 3117 353 3209 ούχ
376 3117 447 3190 οἷόν
469 3148 505 3190 τε
522 3115 603 3209 ὑμῖν
626 3123 694 3190 ἐστι
711 3117 793 3189 κατά
815 3117 891 3200 τούς
914 3117 1041 3190 τούτων
1065 3113 1167 3202 λόγους

226 3225 352 3311 γνῶναι
370 3223 445 3309 περὶ
464 3218 584 3292 αὐτων.
620 3219 754 3291 πάντων
771 3217 833 3310 γάρ
851 3215 893 3290 ἀν
912 3229 962 3307 εἴη
981 3215 1166 3292 δεινότατον,

228 3331 258 3393 εί
273 3325 340 3392 τῶν
364 3318 543 3392 ἀντιδίκων
564 3318 817 3410 γιγνωσκόντων
839 3315 922 3410 ήμάς
946 3327 1073 3400 δίκαιον
1095 3313 1167 3383 εἶναι

226 3421 263 3493 τό
280 3425 384 3514 μέρος
399 3419 510 3492 αύτιόν
533 3429 664 3511 λαβεῖν,
688 3418 783 3511 ὑμεῖς
805 3417 925 3491 ἅπαντ’
951 3416 1070 3497 αύτούς
1093 3421 1168 3502 ἔχειν

227 3532 450 3614 ψηφίσαισθε,
468 3526 524 3594 καὶ
535 3519 672 3604 τούτους
686 3524 746 3612 μὲν
757 3517 942 3611 ἡγήσαισθε
952 3523 1066 3612 χρῆναι
1077 3518 1166 3586 κλείω
