2474 3946
198 315 240 380 64
542 315 795 374 mmor

136 494 183 550 B?
199 475 292 544 δύνου
303 501 335 540 το
322 474 483 559 μέγεθος,
500 477 552 540 καλ
568 471 607 552 ὦς
624 480 741 557 ψευδῶς
758 482 997 579 συκοφαντεῖται·
1023 478 1056 540 έν
1067 477 1150 541 δε
1112 503 1150 541 τυ

199 564 324 664 δεγτέρηο
340 561 464 644 νοήματι
479 566 600 664 πρᾶγμα
619 561 799 662 εἰρημένον
791 559 859 621 έν
844 565 880 644 τῇ
901 564 1063 664 κατηγορία
1086 543 1149 624 δια·
1231 600 1232 656 ρ

199 642 313 753 βόλλει,
336 647 387 708 καί
402 651 555 709 πιστοῦται
570 637 799 722 όξιοπίστιος,”
779 667 819 717 ως
834 645 884 705 καί
903 637 1002 708 αότῶν
1019 623 1148 724 εέδότων,

199 724 462 961 ῗιζιίέῗιῖλῗιῖἷι
461 720 1147 892 &2332ssss‘ssdsssszssfflziffl

199 923 227 961 τι
258 920 312 962 κου

283 1158 410 1244 Δέομαι
421 1156 527 1245 ὑμῶν,
540 1149 753 1246 όἈθηναίοι,
765 1162 922 1244 ἐθελῆσαι
932 1153 1003 1243 μετ’
1017 1153 1146 1233 εύνοίας
1232 1145 1233 1172 ¹

200 1253 344 1324 ἀκοῦσαί
351 1281 418 1342 μου
427 1258 591 1341 λέγοντος,
606 1253 902 1342 ὑπολογιζομένους
911 1256 949 1322 τό
960 1280 997 1322 τε
1007 1257 1147 1340 μέγεθος

200 1361 261 1423 τοῦ
272 1354 435 1422 κινδύνου
446 1356 500 1421 καὶ
511 1351 548 1421 τό
561 1361 690 1440 πλῆθος
700 1361 768 1422 τῶν
779 1360 909 1439 αίτιοῦν,
922 1351 1006 1439 πρός
1015 1352 1053 1430 ἃς
1062 1349 1148 1418 ἀπο-

202 1453 413 1539 λογήσασθαί
420 1478 460 1537 με
472 1457 536 1538 δεῖ,
554 1455 610 1521 καὶ
619 1452 679 1532 τός
688 1457 802 1539 τέχνας
811 1455 867 1522 καί
877 1452 936 1532 τὰς
944 1447 1148 1528 κατασκευὰς

201 1560 263 1619 τοῦ
273 1550 460 1637 κατηγόρου
473 1552 528 1618 καλ
545 1552 607 1638 τὴν
625 1549 791 1637 ὠμότητα,
814 1547 850 1630 ὃς
865 1550 1023 1636 ἐτόλμησε
1041 1573 1149 1631 παρα-

137 1656 187 1712 188
202 1649 425 1717 κελεύσασθαι
436 1647 520 1732 πρός
531 1645 655 1735 ἄνδρας
672 1648 884 1735 ὀμωμοκότας
894 1655 961 1716 τῶν
973 1645 1150 1715 ἀντιδίκων

202 1744 324 1833 ὁμοίως
342 1744 540 1833 ἀμφοτέρων
558 1745 764 1816 ἀκούσεσθαι
781 1744 842 1832 τὴν
859 1753 919 1814 τού
930 1743 1151 1814 κινδυνεύον-

200 1869 257 1924 τος
267 1842 387 1931 φωνὴν
396 1841 440 1930 μὴ
452 1839 640 1929 ὑπομένειν.
652 1847 706 1912 καί
718 1841 805 1911 ταῦτ’
821 1842 911 1911 εἶπεν
921 1841 963 1912 ού
975 1839 1013 1910 δι’
1026 1842 1148 1928 όργήυ·
1165 1857 1181 1906 λ

202 1942 310 2023 οὐδεὶς
327 1942 391 2029 γδιρ
408 1951 477 2012 τοῖν
493 1948 708 2030 ψευδομένων
724 1957 791 2024 τοίς
802 1942 922 2024 ἀδίκως
933 1947 1151 2032 διαβαλλομέ-

204 2068 275 2121 νοις
287 2041 463 2130 όργίζεται,
481 2041 555 2110 οὐδ’
570 2046 605 2112 οδ
611 2041 741 2130 τάληθῆ
754 2046 903 2129 λέγοντες
913 2041 1077 2110 κωλύουσι
1090 2040 1153 2108 λό-

202 2165 266 2224 γου
277 2154 387 2224 τυχεῖν
397 2142 458 2209 τόν
469 2142 652 2227 φεύγοντα·
666 2141 708 2210 ού
716 2140 781 2227 γὰρ
794 2143 958 2224 πρότερον
968 2139 1153 2226 κατήγορος

204 2235 294 2324 παρὰ
304 2252 372 2316 τοῖς
382 2236 567 2308 όκούονσιν
579 2241 701 2327 ἰσχύει,
724 2242 803 2327 πρὶν
818 2234 861 2306 δν
876 2236 894 2307 ὁ
912 2238 1049 2324 φεύγων
1064 2234 1153 2304 ἄπο-

137 2341 185 2398 189
205 2341 316 2422 λογίας
323 2335 433 2423 τυχόν
441 2335 632 2426 ἀδυνατήσῃ
641 2337 700 2418 τὰς
708 2344 945 2426 προειρημένας
954 2343 1055 2416 αἰτίας
1065 2334 1154 2406 όπο-

203 2435 379 2504 λύσασθαι.
403 2433 477 2506 ἀλλ’
493 2434 582 2521 οἶμαι
597 2442 819 2525 Δημοσθένης
836 2435 878 2505 ού
894 2444 999 2522 χαίρει
1014 2440 1156 2516 δικαίοις
1172 2452 1187 2504 3

203 2534 324 2618 λόγοις,
337 2530 412 2602 οὐδ’
425 2532 514 2603 οὕτω
526 2536 804 2622 παρεσκεύασται,
823 2534 907 2605 ἀλλὰ
917 2533 979 2623 τὴν
988 2531 1154 2621 ὑμετέραν

203 2627 309 2717 ὀργὴν
325 2635 566 2702 ἐκκαλέσασθαι
580 2634 781 2721 βεβούληται
797 2637 852 2702 καὶ
867 2632 1070 2720 κατηγόρηκε
1081 2637 1154 2701 δω-

203 2734 366 2814 ροδοκίας,
378 2727 544 2811 ἀπίθανος
555 2727 604 2800 οδν
613 2733 697 2819 πρὸς
708 2733 771 2819 τὴν
781 2729 929 2813 ὑποψίαν
937 2731 1078 2818 ταύτην·
1091 2731 1155 2800 τόν

202 2825 266 2909 γὰρ
285 2830 335 2893 ἐπὶ
352 2841 422 2906 ταῖς
439 2834 654 2914 δωροδοκίαις
670 2831 939 2920 προτρεπόμενον
955 2828 1033 2909 τούς
1057 2835 1155 2898 δικα-

203 2921 280 3001 στὰς
291 2921 481 3009 ὀργίζεσθαι
499 2926 603 2994 αὐτόν
618 2927 679 3014 χρὴ
697 2929 935 2997 τῶντοιούτων
946 2936 1053 3013 ἔργων
1065 2931 1154 2998 πολύ

203 3019 393 3108 ἀφεστάναι.
406 3024 477 3107 έμολ
489 3019 533 3108 δ’,
546 3017 761 3116 ιδἈθηνατοι,
773 3030 959 3115 συμβέβηκε
970 3036 1027 3114 τῆς
1033 3036 1154 3114 Δημο-
1168 3047 1183 3095 4

203 3121 347 3198 σθένους
356 3117 514 3189 οἶκούοντι
529 3131 725 3212 κατηγορίας
735 3126 815 3250 μήτε
827 3131 931 3194 δεῖσαι
942 3124 1077 3195 πώποθ’
1089 3125 1156 3194 οὕ-

203 3242 277 3304 τως,
291 3244 335 3296 ως
345 3221 382 3286 έν
392 3224 518 3308 τηδε
478 3248 518 3310 τη
528 3217 650 3312 ημέρμ,
668 3223 744 3311 μήτ’
757 3221 981 3312 όγανακτησαι
991 3220 1155 3310 μαλλον
1132 3254 1153 3312 η

203 3324 284 3404 νῦν,
306 3313 383 3434 μήτ’
403 3323 433 3385 ε
432 3344 448 3396 ς
463 3315 653 3408 υπερβολην
667 3321 787 3408 ομοίως
796 3321 952 3410 ησθηναι
975 3324 1154 3443 ἐφοβηθην

203 3411 313 3497 μέν
274 3440 354 3499 γαρ,
374 3416 429 3483 καλ
439 3421 487 3483 ἔτι
497 3419 605 3486 καὶ
563 3445 628 3486 νυν
639 3422 883 3509 τεθορύβημαι,
901 3422 947 3509 μή
957 3447 1044 3502 τινες
1055 3419 1155 3507 ύμωυ

204 3504 396 3594 ἀγνοήσωσί
408 3539 449 3598 με
470 3521 767 3604 ψυχαγωγηθέντες
787 3534 855 3600 τοῖς
875 3525 1153 3608 ἐπιβεβουλευμέ-
