2510 3948
193 280 255 346 134
536 245 786 360 Αιεκιυου

267 441 359 510 Ἔστι
387 439 423 508 δὲ
450 435 637 510 ὑπόλοιπόν
657 467 714 528 μοι
733 442 834 527 μέρος
853 446 912 526 τῆς
932 447 1160 528 κατηγορίας,
1175 453 1206 507 49

192 538 249 624 ἐφ’
261 531 288 628 ᾦ
299 539 439 624 μάλιστα
450 539 639 621 σπουδάζω·
663 547 761 608 τούτο
780 543 819 608 δέ
832 538 1161 627 έστινὴπρόφασις,

192 635 237 704 δι’
254 634 297 724 ἢν
314 634 418 706 αὐτόν
435 635 521 716 άξιοῖ
534 646 793 724 στεφανοῦσθαι.
815 639 903 724 λέγει
910 638 978 723 γάρ
990 637 1107 717 οὕτως
1120 641 1162 706 ἐν

192 741 239 824 τῷ
254 741 455 821 ψηφίσματι·
482 739 560 821 ,καὶ
577 733 638 804 τόν
654 735 785 822 κη’ρυκα
799 732 1024 820 ἀναγορεύειν
1045 740 1087 805 ἐν
1108 745 1161 824 τῷ

192 832 326 921 θεάτρῳ
338 831 422 916 πρὸς
434 836 514 912 τούς
523 831 693 920 Ἕλληνας,
706 831 756 900 ότι
767 845 930 919 στεφανοῖ
938 831 1050 902 αὐτόν
1062 831 1082 902 ὁ
1095 838 1160 919 δῆ-

193 927 284 1014 μοςό
295 936 364 996 τοῖν
376 928 564 1016 Ἀθηναίων
575 929 693 1017 ἀρετῆς
708 931 805 998 ἕνεκα
816 931 873 998 καί·
881 928 1158 1017 άνδραγαθίας,“

124 1039 177 1094 439
193 1031 249 1095 καὶ
263 1029 300 1095 τό
319 1030 489 1114 μέγιστον·
503 1027 579 1116 ,,ότι
597 1033 740 1097 διατελεῖ
753 1031 860 1114 λέγων
870 1029 926 1097 καὶ
934 1029 1103 1114 πράττων
1112 1024 1154 1096 τά

194 1123 313 1207 α”ριστα
322 1131 368 1214 τῷ
380 1126 508 1217 δημφ.“
517 1123 645 1205 ἁπλοῦς
654 1125 696 1212 δὴ
704 1123 942 1195 παντάπασινὸ
953 1123 1039 1212 μετὰ
1048 1135 1156 1194 ταῦτα
1170 1138 1199 1188 5⁰

193 1219 273 1309 ἡμῖν
284 1222 383 1309 λόγος
393 1231 556 1310 γίγνεται,
577 1225 632 1290 καλ
648 1220 728 1308 ὑμῖν
745 1221 909 1292 άπούσασι
918 1239 1032 1307 κρῖναι
1044 1222 1155 1309 εύμα-

194 1321 276 1409 θής·
299 1326 351 1390 δεῖ
363 1319 429 1408 γάρ
441 1322 483 1410 δυ’
493 1346 561 1389 που
570 1321 631 1388 τόν
640 1319 702 1406 μέν
711 1329 964 1407 κατηγοροῦντα
974 1323 1031 1408 ἐμὲ
1043 1318 1150 1400 τοῦδ’
1244 1385 1245 1418 η

196 1417 278 1506 ύμῖν
296 1419 539 1505 ἐπιδεικνύναι,
567 1416 612 1498 οἱς
634 1420 717 1488 εἰσὶν
739 1423 774 1488 οί
796 1417 880 1486 κατά
902 1423 1152 1513 Δημοσθένους
1244 1421 1245 1504 λ

196 1522 324 1586 ἔπαινοι
333 1521 466 1597 ψευδεῖς
477 1518 532 1584 καλ
543 1516 588 1596 οές
604 1515 675 1585 οὔτ’
688 1515 808 1602 ἤρξατο
820 1519 930 1602 λέγειν
941 1515 980 1586 τά
994 1521 1150 1606 βέλτιστα

196 1612 274 1681 ούτε
290 1621 356 1681 νῦν
372 1619 512 1683 διατελεῖ
528 1613 682 1697 πράττων
698 1613 739 1682 τά
757 1616 970 1700 συμφέροντα
981 1622 1028 1704 τῷ
1041 1615 1148 1705 δήμφ.

195 1706 261 1779 κόν
269 1708 362 1778 τοῦτ’
385 1713 553 1797 Ιἐπιδείξω,
562 1716 696 1791 δικαίως
707 1712 749 1801 δή
759 1737 827 1779 που
836 1711 899 1798 τὴν
910 1709 1048 1800 γραφὴν
1060 1713 1149 1782 ἁλό-

198 1829 288 1878 σεται
304 1815 503 1896 Κτησιφῶν·
523 1808 666 1890 ἅπαντες
681 1808 746 1896 γάρ
766 1810 1034 1895 ἀπαγορεύουσιν
1046 1815 1082 1880 οί
1089 1811 1148 1879 νό-

198 1932 254 1993 μοι
270 1910 395 1992 μηδένα
412 1911 519 1995 φευδῆ
530 1907 707 1995 γράμματα
720 1907 900 1994 ἐγγράφειν
916 1911 955 1976 ἐν
964 1921 1032 1988 τοῖς
1042 1914 1146 1996 δημο-

197 2010 281 2084 σίοις
305 2014 501 2094 ψηφίσμασι.
534 2015 582 2096 τῷ
609 2003 639 2073 δ’
667 2003 925 2096 ἀπολογουμένῳ
948 2005 1145 2074 τούναντίον

128 2117 182 2170 440
196 2100 318 2178 τούτου
326 2106 472 2172 δεικτέον
483 2108 580 2172 ἐστίν.
593 2101 685 2189 ὑμεῖς
694 2101 725 2172 δ’
737 2101 818 2191 ἡμῖν
828 2109 945 2176 ἔσεσθε
957 2115 1025 2174 τῶν
1036 2105 1145 2192 λόγων

81 2199 95 2215 '
196 2205 312 2282 κριταί.
330 2203 396 2284 ἔχει
406 2198 437 2266 δ’
450 2201 566 2279 οὕτως.

279 2292 358 2380 Ἐγώ
367 2295 427 2364 τὸν
436 2296 498 2384 μὲν
508 2304 584 2384 βίον
594 2297 1073 2385 τόνΔημοσῖῖίνουςέξετάζειν
1080 2327 1143 2388 μα-
1158 2318 1186 2373 51

197 2395 360 2482 κροτέρου
376 2395 479 2481 λόγου
496 2401 596 2482 ἔργον
609 2395 755 2485 ἡγοῦμαι
771 2398 864 2468 εἶναι.
887 2406 921 2470 τί
933 2399 999 2487 γάρ
1016 2406 1068 2470 δεῖ
1080 2408 1143 2470 νῦν

198 2501 302 2561 ταῦτα
319 2495 445 2580 λέγειν,
465 2487 543 2581 ἦτά
560 2496 634 2582 περὶ
651 2493 714 2582 τὴν
730 2503 794 2564 τού
809 2496 994 2583 τραύματος
1009 2498 1144 2586 γραφὴν

200 2589 291 2680 αὐτῷ
308 2593 558 2681 συμβεβηκότα,
579 2591 630 2662 ὅτ’
648 2594 813 2679 ἐγράψατο
832 2593 1020 2679 εἰς”Αρειον
1034 2595 1142 2681 πάγον

199 2696 400 2778 Δημομέλην
410 2690 469 2760 τὸν
479 2695 624 2760 Παιανιᾶ
649 2689 790 2775 άνεφιόν
799 2690 880 2761 ὅντα
891 2694 1007 2782 ἑαυτῷ,
1020 2695 1075 2762 καί
1084 2691 1142 2780 τὴν

201 2795 258 2873 τῆς
273 2795 419 2876 κεφαλῆς
435 2788 609 2876 ἐπιτομήν·
631 2785 654 2876 ἦ
672 2788 712 2858 τά
732 2793 808 2878 περὶ
827 2791 889 2878 τὴν
910 2792 1140 2879 Κηφισοδότου

200 2892 397 2970 στρατηγίαν
408 2889 463 2954 καὶ
473 2888 533 2956 τόν
542 2897 611 2956 τοῖν
621 2896 710 2957 νεῶν
721 2895 867 2958 ἔκπλουν
878 2888 939 2960 τόν
954 2897 999 2970 είς
1009 2887 1139 2980 Ἑλλήσ·

199 3007 334 3069 ποντον,
344 2979 399 3052 ὅτε
406 2980 451 3061 εἷς
458 2979 506 3050 τόν
512 2987 1137 3075 τοῖντριηράρχωυΔημοσδένηςκαλπε-
1150 3002 1182 3056 ολ

200 3080 326 3167 ριάγων
341 3081 403 3158 τόν
420 3083 605 3170 στρατηγόν
621 3087 675 3154 ἐπὶ
684 3093 741 3172 τῆς
752 3086 836 3166 νεὼς
845 3089 902 3156 καὶ
911 3092 1079 3155 συσσιτῶν
1087 3089 1137 3155 παλ

201 3177 365 3246 συνθύων
375 3182 430 3249 καὶ
441 3183 654 3269 συσπένδων,
665 3184 720 3251 καὶ
737 3184 867 3252 τούτων
878 3181 1032 3264 ἀξιωθεὶς
1042 3180 1134 3251 διάτό

132 3299 182 3352 441
202 3273 359 3364 πατρικὸς
371 3277 462 3370 αὐτῷ
474 3288 570 3367 φίλος
579 3279 673 3365 εἶναι,
685 3278 749 3350 οάκ
761 3280 911 3368 ὤκνησεν
923 3279 983 3352 ἄπ’
994 3287 1134 3367 είσαγγε·

200 3380 271 3451 λίας
280 3371 385 3441 αὐτοῦ
395 3378 595 3463 κρινομένου
610 3377 685 3462 περὶ
694 3378 848 3446 θανάτου
857 3378 1041 3466 κατήγορος
1049 3383 1135 3465 γενέ-

200 3479 295 3534 σθαι·
314 3474 484 3541 καὶταῦτα
499 3474 563 3563 ἤδη
574 3475 613 3544 τά
626 3478 700 3562 περὶ
710 3467 858 3547 Μειδίαν
868 3481 923 3548 καὶ
932 3477 1133 3557 τούςκονδό·
