<?xml version="1.0" encoding="UTF-8"?>
<!DOCTYPE html PUBLIC "-//W3C//DTD XHTML 1.0 Transitional//EN"
    "http://www.w3.org/TR/xhtml1/DTD/xhtml1-transitional.dtd">
<html xmlns="http://www.w3.org/1999/xhtml" xml:lang="en" lang="en">
 <head>
  <title>
</title>
<meta http-equiv="Content-Type" content="text/html;charset=utf-8" />
  <meta name='ocr-system' content='tesseract 3.04.00' />
  <meta name='ocr-capabilities' content='ocr_page ocr_carea ocr_par ocr_line ocrx_word'/>
</head>
<body>
  <div class='ocr_page' id='page_1' title='image "./isaeiorationesc00isaegoog_0124.png"; bbox 0 0 2442 3948; ppageno 0'>
   <div class='ocr_carea' id='block_1_1' title="bbox 44 234 974 304">
    <p class='ocr_par' dir='ltr' id='par_1_1' title="bbox 44 234 974 304">
     <span class='ocr_line' id='line_1_1' title="bbox 44 234 974 304; baseline 0.004 -20"><span class='ocrx_word' id='word_1_1' title='bbox 44 251 63 300; x_wconf 77' lang='lat' dir='ltr'><strong><em>p.</em></strong></span> <span class='ocrx_word' id='word_1_2' title='bbox 78 234 112 285; x_wconf 82' lang='lat'><strong><em>60</em></strong></span> <span class='ocrx_word' id='word_1_3' title='bbox 178 236 265 288; x_wconf 73' lang='grc' dir='ltr'><strong>ΠΕΡΙ</strong></span> <span class='ocrx_word' id='word_1_4' title='bbox 282 237 358 288; x_wconf 76' lang='grc' dir='ltr'><strong><em>νον</em></strong></span> <span class='ocrx_word' id='word_1_5' title='bbox 374 235 636 288; x_wconf 71' lang='grc' dir='ltr'><strong><em>αυτοενεοοοο</em></strong></span> <span class='ocrx_word' id='word_1_6' title='bbox 653 235 817 287; x_wconf 62' lang='grc' dir='ltr'><strong><em>τουτου.</em></strong></span> <span class='ocrx_word' id='word_1_7' title='bbox 935 243 974 304; x_wconf 82' lang='lat'><strong><em>51</em></strong></span> 
     </span>
    </p>
   </div>
   <div class='ocr_carea' id='block_1_2' title="bbox 34 396 1083 3028">
    <p class='ocr_par' dir='ltr' id='par_1_2' title="bbox 42 396 976 588">
     <span class='ocr_line' id='line_1_2' title="bbox 44 396 976 526; baseline 0.008 -54"><span class='ocrx_word' id='word_1_8' title='bbox 44 410 79 472; x_wconf 81' lang='grc' dir='ltr'><strong><em>ἔτι</em></strong></span> <span class='ocrx_word' id='word_1_9' title='bbox 93 403 247 526; x_wconf 86' lang='grc' dir='ltr'><strong><em>πρότερον.</em></strong></span> <span class='ocrx_word' id='word_1_10' title='bbox 289 404 375 488; x_wconf 74' lang='grc' dir='ltr'><strong><em>εἰκός</em></strong></span> <span class='ocrx_word' id='word_1_11' title='bbox 397 396 459 477; x_wconf 90' lang='grc' dir='ltr'><strong><em>οῦν</em></strong></span> <span class='ocrx_word' id='word_1_12' title='bbox 476 435 530 495; x_wconf 88' lang='grc' dir='ltr'><strong><em>μοι</em></strong></span> <span class='ocrx_word' id='word_1_13' title='bbox 549 413 642 478; x_wconf 76' lang='grc' dir='ltr'><strong><em>δοκεῖ</em></strong></span> <span class='ocrx_word' id='word_1_14' title='bbox 659 402 810 496; x_wconf 84' lang='grc' dir='ltr'><strong><em>εἶναι,</em></strong></span> <span class='ocrx_word' id='word_1_15' title='bbox 787 435 830 488; x_wconf 85' lang='grc' dir='ltr'><strong><em>ως</em></strong></span> <span class='ocrx_word' id='word_1_16' title='bbox 848 402 890 478; x_wconf 78' lang='grc' dir='ltr'><strong><em>ἄν</em></strong></span> <span class='ocrx_word' id='word_1_17' title='bbox 907 404 976 490; x_wconf 78' lang='grc' dir='ltr'><strong><em>οἷός</em></strong></span> 
     </span>
     <span class='ocr_line' id='line_1_3' title="bbox 42 495 440 593; baseline 0.013 -22"><span class='ocrx_word' id='word_1_18' title='bbox 42 532 68 572; x_wconf 82' lang='grc' dir='ltr'><strong><em>τε</em></strong></span> <span class='ocrx_word' id='word_1_19' title='bbox 82 495 116 593; x_wconf 83' lang='lat'><strong><em>6,</em></strong></span> <span class='ocrx_word' id='word_1_20' title='bbox 133 523 302 578; x_wconf 79' lang='grc' dir='ltr'><em>συνειπεῖν</em></span> <span class='ocrx_word' id='word_1_21' title='bbox 319 503 440 588; x_wconf 79' lang='grc' dir='ltr'><strong><em>αὐτοῖς.</em></strong></span> 
     </span>
    </p>

    <p class='ocr_par' dir='ltr' id='par_1_3' title="bbox 38 597 1083 2506">
     <span class='ocr_line' id='line_1_4' title="bbox 60 597 1046 728; baseline 0.006 -53.241"><span class='ocrx_word' id='word_1_22' title='bbox 60 609 175 728; x_wconf 80' lang='grc' dir='ltr'><strong><em>Περὶ</em></strong></span> <span class='ocrx_word' id='word_1_23' title='bbox 198 597 323 697; x_wconf 72' lang='grc' dir='ltr'><strong><em>μὲν</em></strong></span> <span class='ocrx_word' id='word_1_24' title='bbox 280 635 343 676; x_wconf 94' lang='grc' dir='ltr'><strong><em>ουν</em></strong></span> <span class='ocrx_word' id='word_1_25' title='bbox 367 611 433 677; x_wconf 71' lang='grc' dir='ltr'><strong><em>τοῖν</em></strong></span> <span class='ocrx_word' id='word_1_26' title='bbox 458 610 557 676; x_wconf 83' lang='grc' dir='ltr'><strong><em>ἐν</em></strong></span> <span class='ocrx_word' id='word_1_27' title='bbox 515 635 555 714; x_wconf 80' lang='grc' dir='ltr'><strong><em>τή</em></strong></span> <span class='ocrx_word' id='word_1_28' title='bbox 579 601 741 698; x_wconf 85' lang='grc' dir='ltr'><strong><em>ῦπεροριᾳ</em></strong></span> <span class='ocrx_word' id='word_1_29' title='bbox 758 611 975 697; x_wconf 75' lang='grc' dir='ltr'><strong><em>πραχθέντων</em></strong></span> <span class='ocrx_word' id='word_1_30' title='bbox 1040 607 1046 626; x_wconf 80' lang='grc'><strong>’</strong></span> 
     </span>
     <span class='ocr_line' id='line_1_5' title="bbox 43 700 973 799; baseline 0.01 -28"><span class='ocrx_word' id='word_1_31' title='bbox 43 700 100 774; x_wconf 86' lang='grc' dir='ltr'><strong><em>οῦτε</em></strong></span> <span class='ocrx_word' id='word_1_32' title='bbox 114 704 273 798; x_wconf 87' lang='grc' dir='ltr'><strong><em>μάρτυρας</em></strong></span> <span class='ocrx_word' id='word_1_33' title='bbox 287 711 432 798; x_wconf 80' lang='grc' dir='ltr'><strong><em>ἐξευρεῖν</em></strong></span> <span class='ocrx_word' id='word_1_34' title='bbox 441 705 576 796; x_wconf 79' lang='grc' dir='ltr'><strong><em>οἷόντε,</em></strong></span> <span class='ocrx_word' id='word_1_35' title='bbox 594 704 673 778; x_wconf 86' lang='grc' dir='ltr'><strong><em>οῦτε</em></strong></span> <span class='ocrx_word' id='word_1_36' title='bbox 684 705 761 788; x_wconf 82' lang='grc' dir='ltr'><strong><em>τοῦς</em></strong></span> <span class='ocrx_word' id='word_1_37' title='bbox 773 703 973 799; x_wconf 76' lang='grc' dir='ltr'><strong><em>ἀντιδίκους,</em></strong></span> 
     </span>
     <span class='ocr_line' id='line_1_6' title="bbox 44 802 975 930; baseline 0.011 -60"><span class='ocrx_word' id='word_1_38' title='bbox 44 802 85 872; x_wconf 82' lang='grc' dir='ltr'><strong><em>ἐάν</em></strong></span> <span class='ocrx_word' id='word_1_39' title='bbox 103 833 131 874; x_wconf 89' lang='grc' dir='ltr'><strong><em>τι</em></strong></span> <span class='ocrx_word' id='word_1_40' title='bbox 149 807 353 896; x_wconf 79' lang='grc' dir='ltr'><strong><em>ψεύδωνται,</em></strong></span> <span class='ocrx_word' id='word_1_41' title='bbox 380 811 523 896; x_wconf 76' lang='grc' dir='ltr'><strong><em>ἐλέγχειν</em></strong></span> <span class='ocrx_word' id='word_1_42' title='bbox 546 805 680 930; x_wconf 76' lang='grc' dir='ltr'><strong><em>ρήᾶιον,</em></strong></span> <span class='ocrx_word' id='word_1_43' title='bbox 705 805 760 877; x_wconf 89' lang='lat'><strong><em>666</em></strong></span> <span class='ocrx_word' id='word_1_44' title='bbox 782 806 819 878; x_wconf 83' lang='grc' dir='ltr'><strong><em>τό</em></strong></span> <span class='ocrx_word' id='word_1_45' title='bbox 841 815 975 898; x_wconf 77' lang='grc' dir='ltr'><strong><em>μηδέτε-</em></strong></span> 
     </span>
     <span class='ocr_line' id='line_1_7' title="bbox 42 905 976 1000; baseline 0.007 -27.093"><span class='ocrx_word' id='word_1_46' title='bbox 42 932 86 988; x_wconf 87' lang='grc' dir='ltr'><strong><em>ρον</em></strong></span> <span class='ocrx_word' id='word_1_47' title='bbox 103 905 220 979; x_wconf 80' lang='grc' dir='ltr'><strong><em>τούτων</em></strong></span> <span class='ocrx_word' id='word_1_48' title='bbox 243 912 349 979; x_wconf 77' lang='grc' dir='ltr'><strong><em>ἐκεῖσε</em></strong></span> <span class='ocrx_word' id='word_1_49' title='bbox 367 905 523 998; x_wconf 76' lang='grc' dir='ltr'><strong><em>ἀφῖχθαι</em></strong></span> <span class='ocrx_word' id='word_1_50' title='bbox 548 905 587 978; x_wconf 80' lang='grc' dir='ltr'><strong><em>τά</em></strong></span> <span class='ocrx_word' id='word_1_51' title='bbox 610 909 647 978; x_wconf 78' lang='lat'><strong><em>66</em></strong></span> <span class='ocrx_word' id='word_1_52' title='bbox 671 907 794 979; x_wconf 77' lang='grc' dir='ltr'><strong><em>ἐνθάδε</em></strong></span> <span class='ocrx_word' id='word_1_53' title='bbox 811 918 976 1000; x_wconf 83' lang='grc' dir='ltr'><strong><em>συμβεβη-</em></strong></span> 
     </span>
     <span class='ocr_line' id='line_1_8' title="bbox 41 1003 976 1101; baseline 0.011 -31"><span class='ocrx_word' id='word_1_54' title='bbox 41 1003 103 1074; x_wconf 87' lang='grc' dir='ltr'><strong><em>κότα</em></strong></span> <span class='ocrx_word' id='word_1_55' title='bbox 119 1013 204 1078; x_wconf 76' lang='grc' dir='ltr'><strong><em>δοκεῖ</em></strong></span> <span class='ocrx_word' id='word_1_56' title='bbox 217 1038 273 1098; x_wconf 92' lang='grc' dir='ltr'><strong><em>μοι</em></strong></span> <span class='ocrx_word' id='word_1_57' title='bbox 290 1004 371 1098; x_wconf 82' lang='grc' dir='ltr'><strong><em>ῦμῐν</em></strong></span> <span class='ocrx_word' id='word_1_58' title='bbox 389 1006 487 1080; x_wconf 72' lang='grc' dir='ltr'><strong><em>ἱκανά</em></strong></span> <span class='ocrx_word' id='word_1_59' title='bbox 504 1004 701 1096; x_wconf 76' lang='grc' dir='ltr'><strong><em>γενέσθαι“</em></strong></span> <span class='ocrx_word' id='word_1_60' title='bbox 680 1038 723 1078; x_wconf 91' lang='grc' dir='ltr'><strong><em>αν</em></strong></span> <span class='ocrx_word' id='word_1_61' title='bbox 739 1009 907 1101; x_wconf 86' lang='grc' dir='ltr'><strong><em>τεκμήρια,</em></strong></span> <span class='ocrx_word' id='word_1_62' title='bbox 925 1009 976 1082; x_wconf 83' lang='grc' dir='ltr'><strong><em>ὅτι</em></strong></span> 
     </span>
     <span class='ocr_line' id='line_1_9' title="bbox 41 1099 975 1202; baseline 0.013 -32"><span class='ocrx_word' id='word_1_63' title='bbox 41 1099 157 1189; x_wconf 80' lang='grc' dir='ltr'><strong><em>ἅπαντες</em></strong></span> <span class='ocrx_word' id='word_1_64' title='bbox 179 1115 213 1180; x_wconf 83' lang='lat'><strong><em>06</em></strong></span> <span class='ocrx_word' id='word_1_65' title='bbox 235 1106 317 1180; x_wconf 84' lang='grc' dir='ltr'><strong><em>κατά</em></strong></span> <span class='ocrx_word' id='word_1_66' title='bbox 339 1107 400 1198; x_wconf 88' lang='grc' dir='ltr'><strong><em>τήν</em></strong></span> <span class='ocrx_word' id='word_1_67' title='bbox 427 1107 521 1180; x_wconf 78' lang='grc' dir='ltr'><strong><em>δόσιν</em></strong></span> <span class='ocrx_word' id='word_1_68' title='bbox 545 1137 613 1179; x_wconf 87' lang='grc' dir='ltr'><strong><em>των</em></strong></span> <span class='ocrx_word' id='word_1_69' title='bbox 630 1109 895 1200; x_wconf 85' lang='grc' dir='ltr'><strong><em>Νικοστράτον’</em></strong></span> <span class='ocrx_word' id='word_1_70' title='bbox 876 1141 975 1202; x_wconf 80' lang='grc' dir='ltr'><strong><em>αμφι</em></strong></span> 
     </span>
     <span class='ocr_line' id='line_1_10' title="bbox 41 1205 1009 1334; baseline 0.007 -58.118"><span class='ocrx_word' id='word_1_71' title='bbox 41 1211 210 1291; x_wconf 78' lang='grc' dir='ltr'><strong><em>σβητοῦντες</em></strong></span> <span class='ocrx_word' id='word_1_72' title='bbox 230 1205 467 1298; x_wconf 63' lang='grc' dir='ltr'><strong><em>έξαπατήσαι’</em></strong></span> <span class='ocrx_word' id='word_1_73' title='bbox 445 1213 533 1298; x_wconf 80' lang='grc' dir='ltr'><strong><em>υμοῖς</em></strong></span> <span class='ocrx_word' id='word_1_74' title='bbox 543 1208 734 1334; x_wconf 78' lang='grc' dir='ltr'><strong><em>βοήλουται.</em></strong></span> <span class='ocrx_word' id='word_1_75' title='bbox 761 1213 903 1300; x_wconf 89' lang='grc' dir='ltr'><strong><em>Πρωτον</em></strong></span> <span class='ocrx_word' id='word_1_76' title='bbox 914 1214 1009 1301; x_wconf 68' lang='grc' dir='ltr'><strong><em>μένα</em></strong></span> 
     </span>
     <span class='ocr_line' id='line_1_11' title="bbox 40 1293 975 1404; baseline 0.012 -35"><span class='ocrx_word' id='word_1_77' title='bbox 40 1293 102 1393; x_wconf 88' lang='grc' dir='ltr'><strong><em>οῦν,</em></strong></span> <span class='ocrx_word' id='word_1_78' title='bbox 129 1338 151 1378; x_wconf 88' lang='grc' dir='ltr'><strong><em>ω</em></strong></span> <span class='ocrx_word' id='word_1_79' title='bbox 141 1299 305 1401; x_wconf 73' lang='lat'>666609,</span> <span class='ocrx_word' id='word_1_80' title='bbox 329 1312 469 1404; x_wconf 81' lang='grc' dir='ltr'><strong><em>περὶ</em></strong></span> <span class='ocrx_word' id='word_1_81' title='bbox 427 1339 485 1398; x_wconf 85' lang='grc' dir='ltr'><strong><em>της</em></strong></span> <span class='ocrx_word' id='word_1_82' title='bbox 507 1314 575 1380; x_wconf 78' lang='grc' dir='ltr'><strong><em>τιῦν</em></strong></span> <span class='ocrx_word' id='word_1_83' title='bbox 597 1307 767 1400; x_wconf 72' lang='grc' dir='ltr'><strong><em>ὀνομάτων</em></strong></span> <span class='ocrx_word' id='word_1_84' title='bbox 793 1315 975 1401; x_wconf 75' lang='grc' dir='ltr'><strong><em>ἐπιγραφῆς</em></strong></span> 
     </span>
     <span class='ocr_line' id='line_1_12' title="bbox 40 1399 974 1501; baseline 0.012 -30"><span class='ocrx_word' id='word_1_85' title='bbox 40 1399 142 1484; x_wconf 80' lang='grc' dir='ltr'><strong><em>όξιόνέ</em></strong></span> <span class='ocrx_word' id='word_1_86' title='bbox 127 1413 209 1481; x_wconf 80' lang='grc' dir='ltr'><strong><em>ἐστιν</em></strong></span> <span class='ocrx_word' id='word_1_87' title='bbox 228 1409 390 1499; x_wconf 77' lang='grc' dir='ltr'><strong><em>ἐξετάσαι,</em></strong></span> <span class='ocrx_word' id='word_1_88' title='bbox 408 1415 463 1480; x_wconf 88' lang='grc' dir='ltr'><strong><em>καὶ</em></strong></span> <span class='ocrx_word' id='word_1_89' title='bbox 482 1415 668 1494; x_wconf 73' lang='grc' dir='ltr'><strong><em>σκέψασθαι</em></strong></span> <span class='ocrx_word' id='word_1_90' title='bbox 685 1408 836 1501; x_wconf 85' lang='grc' dir='ltr'><strong><em>ὁπότεροι</em></strong></span> <span class='ocrx_word' id='word_1_91' title='bbox 853 1407 974 1482; x_wconf 76' lang='grc' dir='ltr'><strong><em>ἁπλοῦ-</em></strong></span> 
     </span>
     <span class='ocr_line' id='line_1_13' title="bbox 39 1509 973 1601; baseline 0.015 -32"><span class='ocrx_word' id='word_1_92' title='bbox 39 1523 82 1572; x_wconf 86' lang='grc' dir='ltr'><strong><em>στε</em></strong></span> <span class='ocrx_word' id='word_1_93' title='bbox 83 1535 133 1596; x_wconf 92' lang='grc' dir='ltr'><strong><em>ρον</em></strong></span> <span class='ocrx_word' id='word_1_94' title='bbox 147 1514 199 1580; x_wconf 81' lang='grc' dir='ltr'><strong><em>καὶ</em></strong></span> <span class='ocrx_word' id='word_1_95' title='bbox 217 1509 301 1582; x_wconf 81' lang='grc' dir='ltr'><strong><em>κατά</em></strong></span> <span class='ocrx_word' id='word_1_96' title='bbox 317 1509 421 1600; x_wconf 84' lang='grc' dir='ltr'><strong><em>φῦσιν</em></strong></span> <span class='ocrx_word' id='word_1_97' title='bbox 433 1515 557 1601; x_wconf 86' lang='grc' dir='ltr'><strong><em>μάλλον</em></strong></span> <span class='ocrx_word' id='word_1_98' title='bbox 573 1509 630 1594; x_wconf 86' lang='grc' dir='ltr'><strong><em>τάς</em></strong></span> <span class='ocrx_word' id='word_1_99' title='bbox 647 1511 788 1600; x_wconf 77' lang='grc' dir='ltr'><strong><em>λήξας’</em></strong></span> <span class='ocrx_word' id='word_1_100' title='bbox 771 1510 973 1600; x_wconf 83' lang='grc' dir='ltr'><strong><em>εποιήσαντο.</em></strong></span> 
     </span>
     <span class='ocr_line' id='line_1_14' title="bbox 34 1535 975 1734; baseline 0.01 -59.048"><span class='ocrx_word' id='word_1_101' title='bbox 34 1535 138 1690; x_wconf 79' lang='grc' dir='ltr'><strong><em>Αγῦων</em></strong></span> <span class='ocrx_word' id='word_1_102' title='bbox 157 1609 279 1700; x_wconf 73' lang='grc' dir='ltr'><strong><em>μέν</em></strong></span> <span class='ocrx_word' id='word_1_103' title='bbox 240 1641 303 1734; x_wconf 82' lang='grc' dir='ltr'><strong><em>γαρ</em></strong></span> <span class='ocrx_word' id='word_1_104' title='bbox 332 1607 444 1682; x_wconf 81' lang='grc' dir='ltr'><strong><em>οῦνοσὶ</em></strong></span> <span class='ocrx_word' id='word_1_105' title='bbox 472 1615 527 1682; x_wconf 82' lang='grc' dir='ltr'><strong><em>καὶ</em></strong></span> <span class='ocrx_word' id='word_1_106' title='bbox 549 1607 725 1700; x_wconf 86' lang='grc' dir='ltr'><strong><em>Αγνόθεος</em></strong></span> <span class='ocrx_word' id='word_1_107' title='bbox 755 1612 975 1703; x_wconf 81' lang='grc' dir='ltr'><strong><em>Θρασυμάχου</em></strong></span> 
     </span>
     <span class='ocr_line' id='line_1_15' title="bbox 39 1705 975 1836; baseline 0.018 -67"><span class='ocrx_word' id='word_1_108' title='bbox 39 1705 298 1836; x_wconf 78' lang='grc' dir='ltr'><strong><em>ἐπεγράψαντο</em></strong></span> <span class='ocrx_word' id='word_1_109' title='bbox 265 1740 323 1782; x_wconf 91' lang='grc' dir='ltr'><strong><em>τον</em></strong></span> <span class='ocrx_word' id='word_1_110' title='bbox 346 1709 589 1802; x_wconf 83' lang='grc' dir='ltr'><strong><em>Νικόστρατον,</em></strong></span> <span class='ocrx_word' id='word_1_111' title='bbox 618 1716 715 1782; x_wconf 82' lang='lat'>606‘</span> <span class='ocrx_word' id='word_1_112' title='bbox 698 1711 836 1794; x_wconf 85' lang='grc' dir='ltr'><strong><em>εαυτοῦς</em></strong></span> <span class='ocrx_word' id='word_1_113' title='bbox 861 1717 975 1808; x_wconf 82' lang='grc' dir='ltr'><strong><em>ἐκείνω</em></strong></span> 
     </span>
     <span class='ocr_line' id='line_1_16' title="bbox 38 1799 976 1904; baseline 0.015 -34"><span class='ocrx_word' id='word_1_114' title='bbox 38 1799 167 1892; x_wconf 81' lang='grc' dir='ltr'><strong><em>άυεψιοῦς</em></strong></span> <span class='ocrx_word' id='word_1_115' title='bbox 192 1809 307 1901; x_wconf 82' lang='grc' dir='ltr'><strong><em>άποφα</em></strong></span> <span class='ocrx_word' id='word_1_116' title='bbox 309 1818 433 1901; x_wconf 87' lang='grc' dir='ltr'><strong><em>ίυουσι,</em></strong></span> <span class='ocrx_word' id='word_1_117' title='bbox 462 1815 517 1882; x_wconf 87' lang='grc' dir='ltr'><strong><em>καλ</em></strong></span> <span class='ocrx_word' id='word_1_118' title='bbox 539 1810 666 1883; x_wconf 81' lang='grc' dir='ltr'><strong><em>τοῦτον</em></strong></span> <span class='ocrx_word' id='word_1_119' title='bbox 688 1812 855 1904; x_wconf 85' lang='grc' dir='ltr'><strong><em>μάρτυρας</em></strong></span> <span class='ocrx_word' id='word_1_120' title='bbox 878 1819 976 1904; x_wconf 87' lang='grc' dir='ltr'><strong><em>παρέ·</em></strong></span> 
     </span>
     <span class='ocr_line' id='line_1_17' title="bbox 38 1910 1083 2038; baseline 0.008 -63.109"><span class='ocrx_word' id='word_1_121' title='bbox 38 1931 137 1988; x_wconf 81' lang='grc' dir='ltr'><strong><em>χ·ονται</em></strong></span> <span class='ocrx_word' id='word_1_122' title='bbox 160 1910 330 2036; x_wconf 76' lang='grc' dir='ltr'><strong><em>Χαριάδής</em></strong></span> <span class='ocrx_word' id='word_1_123' title='bbox 349 1913 386 1982; x_wconf 73' lang='lat'><strong><em>66</em></strong></span> <span class='ocrx_word' id='word_1_124' title='bbox 408 1940 463 1982; x_wconf 90' lang='grc' dir='ltr'><strong><em>και</em></strong></span> <span class='ocrx_word' id='word_1_125' title='bbox 452 1915 515 1982; x_wconf 86' lang='lat'><strong><em>06</em></strong></span> <span class='ocrx_word' id='word_1_126' title='bbox 529 1917 762 1994; x_wconf 73' lang='grc' dir='ltr'><strong><em>συνθικοῦντες</em></strong></span> <span class='ocrx_word' id='word_1_127' title='bbox 786 1911 875 2006; x_wconf 79' lang='grc' dir='ltr'><strong><em>αῦτω</em></strong></span> <span class='ocrx_word' id='word_1_128' title='bbox 864 1918 1009 2038; x_wconf 75' lang='grc' dir='ltr'><strong><em>’3Σμί-</em></strong></span> <span class='ocrx_word' id='word_1_129' title='bbox 1077 1971 1083 1983; x_wconf 91' lang='grc'><em>.</em></span> 
     </span>
     <span class='ocr_line' id='line_1_18' title="bbox 38 1987 974 2104; baseline 0 -22"><span class='ocrx_word' id='word_1_130' title='bbox 38 2031 100 2092; x_wconf 69' lang='grc' dir='ltr'><strong><em>κσου</em></strong></span> <span class='ocrx_word' id='word_1_131' title='bbox 119 2013 176 2099; x_wconf 72' lang='grc' dir='ltr'><strong><em>μέν</em></strong></span> <span class='ocrx_word' id='word_1_132' title='bbox 198 2011 322 2104; x_wconf 86' lang='grc' dir='ltr'><strong><em>πατρός</em></strong></span> <span class='ocrx_word' id='word_1_133' title='bbox 346 2012 436 2084; x_wconf 74' lang='grc' dir='ltr'><strong><em>εἷναί</em></strong></span> <span class='ocrx_word' id='word_1_134' title='bbox 455 2034 548 2103; x_wconf 69' lang='grc' dir='ltr'><strong><em>φασι,</em></strong></span> <span class='ocrx_word' id='word_1_135' title='bbox 566 2011 624 2083; x_wconf 85' lang='grc' dir='ltr'><strong><em>τ’ὂν</em></strong></span> <span class='ocrx_word' id='word_1_136' title='bbox 653 1987 934 2104; x_wconf 85' lang='grc' dir='ltr'><strong><em>Νικόστρατόν,’</em></strong></span> <span class='ocrx_word' id='word_1_137' title='bbox 915 2043 974 2104; x_wconf 88' lang='grc' dir='ltr'><strong><em>αμ-</em></strong></span> 
     </span>
     <span class='ocr_line' id='line_1_19' title="bbox 38 2111 1041 2238; baseline -0.007 -51"><span class='ocrx_word' id='word_1_138' title='bbox 38 2115 207 2198; x_wconf 73' lang='lat'>66660606</span> <span class='ocrx_word' id='word_1_139' title='bbox 239 2115 277 2183; x_wconf 77' lang='lat'><strong><em>66</em></strong></span> <span class='ocrx_word' id='word_1_140' title='bbox 303 2117 364 2184; x_wconf 85' lang='grc' dir='ltr'><strong><em>τοῦ</em></strong></span> <span class='ocrx_word' id='word_1_141' title='bbox 391 2111 612 2204; x_wconf 80' lang='grc' dir='ltr'><strong><em>Θρασυμάχου</em></strong></span> <span class='ocrx_word' id='word_1_142' title='bbox 641 2116 721 2183; x_wconf 82' lang='grc' dir='ltr'><strong><em>υλοῦ</em></strong></span> <span class='ocrx_word' id='word_1_143' title='bbox 743 2112 875 2238; x_wconf 78' lang='grc' dir='ltr'><strong><em>κλήρου</em></strong></span> <span class='ocrx_word' id='word_1_144' title='bbox 917 2117 974 2184; x_wconf 76' lang='grc' dir='ltr'><strong><em>καὶ</em></strong></span> <span class='ocrx_word' id='word_1_145' title='bbox 1038 2173 1041 2180; x_wconf 92' lang='grc'>.</span> 
     </span>
     <span class='ocr_line' id='line_1_20' title="bbox 38 2209 974 2305; baseline 0.016 -35"><span class='ocrx_word' id='word_1_146' title='bbox 38 2209 140 2274; x_wconf 78' lang='grc' dir='ltr'><strong><em>ολθε</em></strong></span> <span class='ocrx_word' id='word_1_147' title='bbox 109 2241 165 2298; x_wconf 83' lang='grc' dir='ltr'><strong><em>μεν</em></strong></span> <span class='ocrx_word' id='word_1_148' title='bbox 186 2211 291 2285; x_wconf 74' lang='lat'>06660</span> <span class='ocrx_word' id='word_1_149' title='bbox 308 2217 564 2305; x_wconf 75' lang='grc' dir='ltr'><strong><em>προσποιοῦνται</em></strong></span> <span class='ocrx_word' id='word_1_150' title='bbox 588 2218 716 2285; x_wconf 81' lang='grc' dir='ltr'><strong><em>ἐκείνου</em></strong></span> <span class='ocrx_word' id='word_1_151' title='bbox 739 2217 799 2285; x_wconf 88' lang='grc' dir='ltr'><strong><em>τοῦ</em></strong></span> <span class='ocrx_word' id='word_1_152' title='bbox 815 2209 974 2304; x_wconf 86' lang='grc' dir='ltr'><strong><em>ὀνόματος</em></strong></span> 
     </span>
     <span class='ocr_line' id='line_1_21' title="bbox 39 2310 974 2406; baseline 0.002 -22"><span class='ocrx_word' id='word_1_153' title='bbox 39 2330 97 2376; x_wconf 68' lang='grc' dir='ltr'><strong><em>θυῖε</em></strong></span> <span class='ocrx_word' id='word_1_154' title='bbox 118 2314 313 2402; x_wconf 80' lang='grc' dir='ltr'><strong><em>γνγυοόσκειν</em></strong></span> <span class='ocrx_word' id='word_1_155' title='bbox 340 2313 417 2385; x_wconf 88' lang='grc' dir='ltr'><strong><em>οῦτε</em></strong></span> <span class='ocrx_word' id='word_1_156' title='bbox 440 2313 618 2406; x_wconf 80' lang='grc' dir='ltr'><strong><em>προσήκειν</em></strong></span> <span class='ocrx_word' id='word_1_157' title='bbox 640 2310 768 2396; x_wconf 80' lang='grc' dir='ltr'><strong><em>αῦνοῑς</em></strong></span> <span class='ocrx_word' id='word_1_158' title='bbox 799 2319 881 2404; x_wconf 81' lang='grc' dir='ltr'><strong><em>φασὶ</em></strong></span> <span class='ocrx_word' id='word_1_159' title='bbox 913 2317 974 2405; x_wconf 87' lang='grc' dir='ltr'><strong><em>μεν</em></strong></span> 
     </span>
     <span class='ocr_line' id='line_1_22' title="bbox 38 2393 974 2539; baseline 0.009 -61"><span class='ocrx_word' id='word_1_160' title='bbox 38 2393 84 2473; x_wconf 73' lang='grc' dir='ltr'><strong><em>νῦν</em></strong></span> <span class='ocrx_word' id='word_1_161' title='bbox 99 2410 175 2484; x_wconf 79' lang='grc' dir='ltr'><strong><em>εἶναι</em></strong></span> <span class='ocrx_word' id='word_1_162' title='bbox 192 2413 414 2539; x_wconf 77' lang='grc' dir='ltr'><strong><em>Θρασυμάχου</em></strong></span> <span class='ocrx_word' id='word_1_163' title='bbox 431 2414 674 2506; x_wconf 88' lang='grc' dir='ltr'><strong><em>Νικόστρατον,</em></strong></span> <span class='ocrx_word' id='word_1_164' title='bbox 691 2415 812 2486; x_wconf 87' lang='grc' dir='ltr'><strong><em>τοῦτον</em></strong></span> <span class='ocrx_word' id='word_1_165' title='bbox 831 2417 869 2485; x_wconf 75' lang='lat'><strong><em>66</em></strong></span> <span class='ocrx_word' id='word_1_166' title='bbox 884 2411 974 2505; x_wconf 84' lang='grc' dir='ltr'><strong><em>ὁμοί-</em></strong></span> 
     </span>
    </p>

    <p class='ocr_par' dir='ltr' id='par_1_4' title="bbox 39 2512 1008 3008">
     <span class='ocr_line' id='line_1_23' title="bbox 40 2512 1008 2639; baseline 0.002 -54.102"><span class='ocrx_word' id='word_1_167' title='bbox 40 2515 137 2633; x_wconf 66' lang='grc' dir='ltr'><strong><em>ωιτής</em></strong></span> <span class='ocrx_word' id='word_1_168' title='bbox 163 2513 280 2639; x_wconf 77' lang='grc' dir='ltr'><strong><em>οῦσήας</em></strong></span> <span class='ocrx_word' id='word_1_169' title='bbox 303 2512 553 2605; x_wconf 75' lang='grc' dir='ltr'><strong><em>ἀμφισβητοῦσι.</em></strong></span> <span class='ocrx_word' id='word_1_170' title='bbox 594 2519 705 2586; x_wconf 76' lang='grc' dir='ltr'><strong><em>καλέ</em></strong></span> <span class='ocrx_word' id='word_1_171' title='bbox 675 2522 705 2585; x_wconf 76' lang='grc' dir='ltr'><strong><em>εἰ</em></strong></span> <span class='ocrx_word' id='word_1_172' title='bbox 726 2513 844 2604; x_wconf 73' lang='grc' dir='ltr'><strong><em>μὲν</em></strong></span> <span class='ocrx_word' id='word_1_173' title='bbox 809 2541 846 2584; x_wconf 88' lang='grc' dir='ltr'><strong><em>το</em></strong></span> <span class='ocrx_word' id='word_1_174' title='bbox 870 2513 1008 2606; x_wconf 82' lang='grc' dir='ltr'><strong><em>ῦνομα4</em></strong></span> 
     </span>
     <span class='ocr_line' id='line_1_24' title="bbox 39 2610 973 2739; baseline 0.002 -56"><span class='ocrx_word' id='word_1_175' title='bbox 39 2611 177 2699; x_wconf 66' lang='grc' dir='ltr'><strong><em>πατρόθεν</em></strong></span> <span class='ocrx_word' id='word_1_176' title='bbox 203 2612 242 2686; x_wconf 85' lang='grc' dir='ltr'><strong><em>τό</em></strong></span> <span class='ocrx_word' id='word_1_177' title='bbox 271 2613 351 2685; x_wconf 86' lang='grc' dir='ltr'><strong><em>αῦτό</em></strong></span> <span class='ocrx_word' id='word_1_178' title='bbox 375 2610 566 2739; x_wconf 72' lang='grc' dir='ltr'><strong><em>ὡμολόγουν</em></strong></span> <span class='ocrx_word' id='word_1_179' title='bbox 595 2617 680 2686; x_wconf 83' lang='grc' dir='ltr'><strong><em>εἶναι</em></strong></span> <span class='ocrx_word' id='word_1_180' title='bbox 707 2618 768 2684; x_wconf 87' lang='grc' dir='ltr'><strong><em>τοῦ</em></strong></span> <span class='ocrx_word' id='word_1_181' title='bbox 789 2615 973 2706; x_wconf 83' lang='grc' dir='ltr'><strong><em>Νικοστρά-</em></strong></span> 
     </span>
     <span class='ocr_line' id='line_1_25' title="bbox 39 2711 973 2807; baseline 0.004 -25"><span class='ocrx_word' id='word_1_182' title='bbox 39 2729 81 2774; x_wconf 69' lang='grc' dir='ltr'><strong><em>τυ)</em></strong></span> <span class='ocrx_word' id='word_1_183' title='bbox 82 2718 179 2807; x_wconf 81' lang='grc' dir='ltr'><strong><em>,περὶ</em></strong></span> <span class='ocrx_word' id='word_1_184' title='bbox 203 2717 242 2786; x_wconf 76' lang='lat'><strong><em>66</em></strong></span> <span class='ocrx_word' id='word_1_185' title='bbox 263 2719 324 2786; x_wconf 91' lang='grc' dir='ltr'><strong><em>τοῦ</em></strong></span> <span class='ocrx_word' id='word_1_186' title='bbox 350 2713 475 2805; x_wconf 89' lang='grc' dir='ltr'><strong><em>κλήρου</em></strong></span> <span class='ocrx_word' id='word_1_187' title='bbox 503 2713 606 2803; x_wconf 88' lang='grc' dir='ltr'><strong><em>μόνου</em></strong></span> <span class='ocrx_word' id='word_1_188' title='bbox 637 2717 847 2805; x_wconf 80' lang='grc' dir='ltr'><strong><em>διεφέροντο,</em></strong></span> <span class='ocrx_word' id='word_1_189' title='bbox 871 2711 973 2786; x_wconf 74' lang='grc' dir='ltr'><strong><em>οὐδὲν</em></strong></span> 
     </span>
     <span class='ocr_line' id='line_1_26' title="bbox 39 2797 973 2907; baseline 0.01 -28"><span class='ocrx_word' id='word_1_190' title='bbox 39 2797 68 2872; x_wconf 71' lang='grc' dir='ltr'><strong><em>όν</em></strong></span> <span class='ocrx_word' id='word_1_191' title='bbox 86 2812 186 2884; x_wconf 73' lang='lat'>6666‘</span> <span class='ocrx_word' id='word_1_192' title='bbox 166 2818 252 2907; x_wconf 85' lang='grc' dir='ltr'><strong><em>υμῦς</em></strong></span> <span class='ocrx_word' id='word_1_193' title='bbox 276 2818 463 2899; x_wconf 79' lang='grc' dir='ltr'><strong><em>σκέψασθαι</em></strong></span> <span class='ocrx_word' id='word_1_194' title='bbox 486 2811 560 2884; x_wconf 78' lang='grc' dir='ltr'><strong><em>ἀλλ’</em></strong></span> <span class='ocrx_word' id='word_1_195' title='bbox 587 2826 620 2884; x_wconf 80' lang='grc' dir='ltr'><strong><em>ελ</em></strong></span> <span class='ocrx_word' id='word_1_196' title='bbox 638 2845 670 2886; x_wconf 93' lang='grc' dir='ltr'><strong><em>τι</em></strong></span> <span class='ocrx_word' id='word_1_197' title='bbox 697 2817 826 2886; x_wconf 80' lang='grc' dir='ltr'><strong><em>διέθετο</em></strong></span> <span class='ocrx_word' id='word_1_198' title='bbox 848 2819 973 2898; x_wconf 75' lang='grc' dir='ltr'><strong><em>ἐκεῖνος</em></strong></span> 
     </span>
     <span class='ocr_line' id='line_1_27' title="bbox 40 2896 973 3028; baseline 0.006 -46"><span class='ocrx_word' id='word_1_199' title='bbox 40 2896 311 3028; x_wconf 77' lang='grc' dir='ltr'><strong><em>οΝικόστρατος,“</em></strong></span> <span class='ocrx_word' id='word_1_200' title='bbox 292 2947 332 2988; x_wconf 90' lang='grc' dir='ltr'><strong><em>ον</em></strong></span> <span class='ocrx_word' id='word_1_201' title='bbox 349 2913 527 3006; x_wconf 73' lang='grc' dir='ltr'><strong><em>ἀμφότεροι</em></strong></span> <span class='ocrx_word' id='word_1_202' title='bbox 540 2911 745 3006; x_wconf 72' lang='grc' dir='ltr'><strong><em>ὡμολόγουν·</em></strong></span> <span class='ocrx_word' id='word_1_203' title='bbox 763 2919 828 2987; x_wconf 86' lang='grc' dir='ltr'><strong><em>νῦν</em></strong></span> <span class='ocrx_word' id='word_1_204' title='bbox 848 2919 886 2987; x_wconf 74' lang='grc' dir='ltr'><strong><em>δὲ</em></strong></span> <span class='ocrx_word' id='word_1_205' title='bbox 903 2921 973 3000; x_wconf 83' lang='grc' dir='ltr'><strong><em>πῦς</em></strong></span> 
     </span>
    </p>
   </div>
   <div class='ocr_carea' id='block_1_3' title="bbox 17 3000 1110 3616">
    <p class='ocr_par' dir='ltr' id='par_1_5' title="bbox 17 3000 1110 3616">
     <span class='ocr_line' id='line_1_28' title="bbox 40 3000 972 3142; baseline 0.021 -71.269"><span class='ocrx_word' id='word_1_206' title='bbox 40 3000 140 3084; x_wconf 76' lang='grc' dir='ltr'><strong><em>οἷόντε</em></strong></span> <span class='ocrx_word' id='word_1_207' title='bbox 160 3046 206 3110; x_wconf 77' lang='grc' dir='ltr'><strong><em>τῳ</em></strong></span> <span class='ocrx_word' id='word_1_208' title='bbox 194 3015 328 3109; x_wconf 79' lang='grc' dir='ltr'><strong><em>ἀνδρὶ</em></strong></span> <span class='ocrx_word' id='word_1_209' title='bbox 348 3015 409 3088; x_wconf 88' lang='lat'><strong><em>660</em></strong></span> <span class='ocrx_word' id='word_1_210' title='bbox 427 3019 568 3108; x_wconf 81' lang='grc' dir='ltr'><strong><em>πατέρας</em></strong></span> <span class='ocrx_word' id='word_1_211' title='bbox 588 3015 869 3142; x_wconf 76' lang='grc' dir='ltr'><strong><em>ἐπιγράψασθαις</em></strong></span> <span class='ocrx_word' id='word_1_212' title='bbox 874 3022 972 3090; x_wconf 87' lang='grc' dir='ltr'><strong><em>τοῦτο</em></strong></span> 
     </span>
     <span class='ocr_line' id='line_1_29' title="bbox 41 3101 974 3210; baseline 0.003 -25.042"><span class='ocrx_word' id='word_1_213' title='bbox 41 3101 83 3198; x_wconf 66' lang='grc' dir='ltr'><strong><em>λᾶψ</em></strong></span> <span class='ocrx_word' id='word_1_214' title='bbox 41 3117 271 3208; x_wconf 78' lang='grc' dir='ltr'><strong><em>λΧαριάθής</em></strong></span> <span class='ocrx_word' id='word_1_215' title='bbox 297 3125 491 3208; x_wconf 83' lang='grc' dir='ltr'><strong><em>πεποίηκεν·</em></strong></span> <span class='ocrx_word' id='word_1_216' title='bbox 524 3115 622 3200; x_wconf 87' lang='grc' dir='ltr'><strong><em>αῦτός</em></strong></span> <span class='ocrx_word' id='word_1_217' title='bbox 652 3147 687 3189; x_wconf 86' lang='grc' dir='ltr'><strong><em>τε</em></strong></span> <span class='ocrx_word' id='word_1_218' title='bbox 709 3117 771 3210; x_wconf 84' lang='grc' dir='ltr'><strong><em>γάρ</em></strong></span> <span class='ocrx_word' id='word_1_219' title='bbox 797 3126 891 3209; x_wconf 79' lang='grc' dir='ltr'><strong><em>ἔλαχε</em></strong></span> <span class='ocrx_word' id='word_1_220' title='bbox 914 3124 974 3190; x_wconf 88' lang='grc' dir='ltr'><strong><em>τοῦ</em></strong></span> 
     </span>
     <span class='ocr_line' id='line_1_30' title="bbox 42 3212 973 3310; baseline -0.004 -18"><span class='ocrx_word' id='word_1_221' title='bbox 42 3173 160 3305; x_wconf 67' lang='grc' dir='ltr'><strong><em>Σέόλψυν</em></strong></span> <span class='ocrx_word' id='word_1_222' title='bbox 182 3217 428 3310; x_wconf 85' lang='grc' dir='ltr'><strong><em>Νικοστράτου,</em></strong></span> <span class='ocrx_word' id='word_1_223' title='bbox 457 3217 584 3300; x_wconf 78' lang='grc' dir='ltr'><strong><em>τούτοις</em></strong></span> <span class='ocrx_word' id='word_1_224' title='bbox 608 3221 645 3289; x_wconf 75' lang='grc' dir='ltr'><strong><em>δὲ</em></strong></span> <span class='ocrx_word' id='word_1_225' title='bbox 668 3223 729 3290; x_wconf 86' lang='grc' dir='ltr'><strong><em>τοῦ</em></strong></span> <span class='ocrx_word' id='word_1_226' title='bbox 752 3217 973 3310; x_wconf 87' lang='grc' dir='ltr'><strong><em>Θρασυμάχου</em></strong></span> 
     </span>
     <span class='ocr_line' id='line_1_31' title="bbox 41 3311 1110 3425; baseline 0.009 -43"><span class='ocrx_word' id='word_1_227' title='bbox 41 3311 153 3425; x_wconf 69' lang='grc' dir='ltr'><strong><em>λαχοῦσι</em></strong></span> <span class='ocrx_word' id='word_1_228' title='bbox 163 3316 473 3410; x_wconf 83' lang='grc' dir='ltr'><strong><em>παρακατέβαλευ</em></strong></span> <span class='ocrx_word' id='word_1_229' title='bbox 450 3349 494 3402; x_wconf 90' lang='grc' dir='ltr'><strong><em>ως</em></strong></span> <span class='ocrx_word' id='word_1_230' title='bbox 511 3319 570 3391; x_wconf 84' lang='grc' dir='ltr'><strong><em>τόν</em></strong></span> <span class='ocrx_word' id='word_1_231' title='bbox 588 3317 689 3393; x_wconf 77' lang='grc' dir='ltr'><strong><em>αὐτόν</em></strong></span> <span class='ocrx_word' id='word_1_232' title='bbox 706 3317 794 3390; x_wconf 83' lang='grc' dir='ltr'><strong><em>όυτα.</em></strong></span> <span class='ocrx_word' id='word_1_233' title='bbox 827 3325 896 3390; x_wconf 79' lang='grc' dir='ltr'><strong><em>ἔστι</em></strong></span> <span class='ocrx_word' id='word_1_234' title='bbox 913 3321 1010 3407; x_wconf 71' lang='grc' dir='ltr'><strong><em>μὲνσ</em></strong></span> <span class='ocrx_word' id='word_1_235' title='bbox 1108 3395 1110 3402; x_wconf 74' lang='grc'><strong><em>,</em></strong></span> 
     </span>
     <span class='ocr_line' id='line_1_32' title="bbox 41 3411 975 3522; baseline 0.005 -37"><span class='ocrx_word' id='word_1_236' title='bbox 41 3429 83 3476; x_wconf 83' lang='lat' dir='ltr'><strong><em>⁰vv</em></strong></span> <span class='ocrx_word' id='word_1_237' title='bbox 97 3411 220 3489; x_wconf 75' lang='grc' dir='ltr'><strong><em>ἅπαντα</em></strong></span> <span class='ocrx_word' id='word_1_238' title='bbox 236 3424 338 3491; x_wconf 86' lang='grc' dir='ltr'><strong><em>ταῦτα</em></strong></span> <span class='ocrx_word' id='word_1_239' title='bbox 356 3420 490 3513; x_wconf 79' lang='grc' dir='ltr'><strong><em>ἐπήρετο</em></strong></span> <span class='ocrx_word' id='word_1_240' title='bbox 507 3422 563 3491; x_wconf 81' lang='grc' dir='ltr'><strong><em>καὶ</em></strong></span> <span class='ocrx_word' id='word_1_241' title='bbox 580 3418 780 3511; x_wconf 87' lang='grc' dir='ltr'><strong><em>παρασκευή.</em></strong></span> <span class='ocrx_word' id='word_1_242' title='bbox 807 3415 975 3522; x_wconf 79' lang='grc' dir='ltr'><strong><em>ἡγοῦνται</em></strong></span> 
     </span>
     <span class='ocr_line' id='line_1_33' title="bbox 17 3503 1004 3616; baseline 0.007 -33"><span class='ocrx_word' id='word_1_243' title='bbox 17 3603 19 3616; x_wconf 40' lang='grc' dir='ltr'>Ι</span> <span class='ocrx_word' id='word_1_244' title='bbox 41 3503 69 3584; x_wconf 73' lang='grc' dir='ltr'><em>λᾶ</em></span> <span class='ocrx_word' id='word_1_245' title='bbox 70 3517 243 3611; x_wconf 80' lang='grc' dir='ltr'><strong><em>ρτοῦτους,</em></strong></span> <span class='ocrx_word' id='word_1_246' title='bbox 261 3517 369 3592; x_wconf 83' lang='grc' dir='ltr'><strong><em>άπλοῦ</em></strong></span> <span class='ocrx_word' id='word_1_247' title='bbox 385 3520 474 3611; x_wconf 73' lang='grc' dir='ltr'><strong><em>μὲν</em></strong></span> <span class='ocrx_word' id='word_1_248' title='bbox 456 3550 549 3603; x_wconf 87' lang='grc' dir='ltr'><strong><em>ουτος</em></strong></span> <span class='ocrx_word' id='word_1_249' title='bbox 562 3524 622 3592; x_wconf 89' lang='grc' dir='ltr'><strong><em>τοῦ</em></strong></span> <span class='ocrx_word' id='word_1_250' title='bbox 638 3520 825 3611; x_wconf 86' lang='grc' dir='ltr'><strong><em>πράγματος</em></strong></span> <span class='ocrx_word' id='word_1_251' title='bbox 843 3523 898 3590; x_wconf 82' lang='grc' dir='ltr'><strong><em>καὶ</em></strong></span> <span class='ocrx_word' id='word_1_252' title='bbox 915 3549 1004 3610; x_wconf 88' lang='grc' dir='ltr'><strong><em>μή-</em></strong></span> 
     </span>
    </p>
   </div>
   <div class='ocr_carea' id='block_1_4' title="bbox 772 3633 902 3699">
    <p class='ocr_par' dir='ltr' id='par_1_6' title="bbox 772 3633 902 3699">
     <span class='ocr_line' id='line_1_34' title="bbox 772 3633 902 3699; baseline 0 0"><span class='ocrx_word' id='word_1_253' title='bbox 772 3633 902 3699; x_wconf 53' lang='grc' dir='ltr'><strong><em>4*Α</em></strong></span> 
     </span>
    </p>
   </div>
   <div class='ocr_carea' id='block_1_5' title="bbox 0 0 1226 3948">
    <p class='ocr_par' dir='ltr' id='par_1_7' title="bbox 0 0 1226 3948">
     <span class='ocr_line' id='line_1_35' title="bbox 0 0 1226 3948; baseline 0 0"><span class='ocrx_word' id='word_1_254' title='bbox 0 0 1226 3948; x_wconf 95' lang='lat' dir='ltr'><strong><em> </em></strong></span> 
     </span>
    </p>
   </div>
  </div>
 </body>
</html>
