<?xml version="1.0" encoding="UTF-8"?>
<!DOCTYPE html PUBLIC "-//W3C//DTD XHTML 1.0 Transitional//EN"
    "http://www.w3.org/TR/xhtml1/DTD/xhtml1-transitional.dtd">
<html xmlns="http://www.w3.org/1999/xhtml" xml:lang="en" lang="en">
 <head>
  <title>
</title>
<meta http-equiv="Content-Type" content="text/html;charset=utf-8" />
  <meta name='ocr-system' content='tesseract 3.04.00' />
  <meta name='ocr-capabilities' content='ocr_page ocr_carea ocr_par ocr_line ocrx_word'/>
</head>
<body>
  <div class='ocr_page' id='page_1' title='image "./isaeiorationesc00isaegoog_0299.png"; bbox 0 0 2474 3946; ppageno 0'>
   <div class='ocr_carea' id='block_1_1' title="bbox 184 271 780 335">
    <p class='ocr_par' dir='ltr' id='par_1_1' title="bbox 184 271 780 335">
     <span class='ocr_line' id='line_1_1' title="bbox 184 271 780 335; baseline 0.012 -9"><span class='ocrx_word' id='word_1_1' title='bbox 184 271 226 335; x_wconf 75' lang='lat'><strong><em>26</em></strong></span> <span class='ocrx_word' id='word_1_2' title='bbox 529 272 780 333; x_wconf 67' lang='lat' dir='ltr'><strong><em>Altxnvooe‘</em></strong></span> 
     </span>
    </p>
   </div>
   <div class='ocr_carea' id='block_1_2' title="bbox 184 429 1133 914">
    <p class='ocr_par' dir='ltr' id='par_1_2' title="bbox 184 429 1133 914">
     <span class='ocr_line' id='line_1_2' title="bbox 184 429 1132 520; baseline 0.001 -19"><span class='ocrx_word' id='word_1_3' title='bbox 184 435 244 501; x_wconf 83' lang='grc' dir='ltr'><strong><em>τὸν</em></strong></span> <span class='ocrx_word' id='word_1_4' title='bbox 255 439 346 502; x_wconf 79' lang='grc' dir='ltr'><strong><em>καλεῖ</em></strong></span> <span class='ocrx_word' id='word_1_5' title='bbox 356 433 409 502; x_wconf 76' lang='grc' dir='ltr'><strong><em>ἐπὶ</em></strong></span> <span class='ocrx_word' id='word_1_6' title='bbox 418 429 481 518; x_wconf 78' lang='grc' dir='ltr'><strong><em>τήν</em></strong></span> <span class='ocrx_word' id='word_1_7' title='bbox 490 437 677 520; x_wconf 87' lang='grc' dir='ltr'><strong><em>μαρτυρίαν</em></strong></span> <span class='ocrx_word' id='word_1_8' title='bbox 683 459 698 512; x_wconf 75' lang='grc' dir='ltr'><strong><em>ς,</em></strong></span> <span class='ocrx_word' id='word_1_9' title='bbox 707 429 753 500; x_wconf 82' lang='grc' dir='ltr'><strong><em>ἵν’</em></strong></span> <span class='ocrx_word' id='word_1_10' title='bbox 766 429 847 518; x_wconf 79' lang='grc' dir='ltr'><strong><em>ὑμίν</em></strong></span> <span class='ocrx_word' id='word_1_11' title='bbox 858 435 1023 520; x_wconf 74' lang='grc' dir='ltr'><strong><em>ἐπιδείξω,</em></strong></span> <span class='ocrx_word' id='word_1_12' title='bbox 1041 437 1132 514; x_wconf 68' lang='grc' dir='ltr'><strong><em>οἵους</em></strong></span> 
     </span>
     <span class='ocr_line' id='line_1_3' title="bbox 184 528 1130 618; baseline 0.001 -19"><span class='ocrx_word' id='word_1_13' title='bbox 184 529 399 616; x_wconf 71' lang='grc' dir='ltr'><strong><em>ἀπεργάζεται</em></strong></span> <span class='ocrx_word' id='word_1_14' title='bbox 411 529 614 614; x_wconf 72' lang='grc' dir='ltr'><strong><em>ἀνθρώπους</em></strong></span> <span class='ocrx_word' id='word_1_15' title='bbox 624 528 661 598; x_wconf 82' lang='grc' dir='ltr'><strong><em>τὸ</em></strong></span> <span class='ocrx_word' id='word_1_16' title='bbox 674 531 874 618; x_wconf 83' lang='grc' dir='ltr'><strong><em>ἐπιτήδευμα</em></strong></span> <span class='ocrx_word' id='word_1_17' title='bbox 884 541 1000 618; x_wconf 84' lang='grc' dir='ltr'><strong><em>τοῦτο,</em></strong></span> <span class='ocrx_word' id='word_1_18' title='bbox 1018 528 1062 612; x_wconf 75' lang='grc' dir='ltr'><strong><em>ὡς</em></strong></span> <span class='ocrx_word' id='word_1_19' title='bbox 1071 557 1130 600; x_wconf 87' lang='grc' dir='ltr'><strong><em>κα-</em></strong></span> 
     </span>
     <span class='ocr_line' id='line_1_4' title="bbox 184 625 1133 717; baseline -0.003 -20"><span class='ocrx_word' id='word_1_20' title='bbox 184 637 436 716; x_wconf 84' lang='grc' dir='ltr'><strong><em>ταφρονοῦντας</em></strong></span> <span class='ocrx_word' id='word_1_21' title='bbox 452 632 515 717; x_wconf 77' lang='grc' dir='ltr'><strong><em>μὲν</em></strong></span> <span class='ocrx_word' id='word_1_22' title='bbox 530 637 599 699; x_wconf 74' lang='grc' dir='ltr'><strong><em>τῶν</em></strong></span> <span class='ocrx_word' id='word_1_23' title='bbox 611 636 722 714; x_wconf 82' lang='grc' dir='ltr'><strong><em>θεῶν,</em></strong></span> <span class='ocrx_word' id='word_1_24' title='bbox 744 627 982 716; x_wconf 76' lang='grc' dir='ltr'><strong><em>ὑπερορῶντας</em></strong></span> <span class='ocrx_word' id='word_1_25' title='bbox 1000 630 1036 698; x_wconf 73' lang='grc' dir='ltr'><strong><em>δε</em></strong></span> <span class='ocrx_word' id='word_1_26' title='bbox 1055 625 1133 708; x_wconf 88' lang='grc' dir='ltr'><strong><em>τοὺς</em></strong></span> 
     </span>
     <span class='ocr_line' id='line_1_5' title="bbox 184 725 1131 817; baseline -0.002 -23"><span class='ocrx_word' id='word_1_27' title='bbox 184 727 327 817; x_wconf 87' lang='grc' dir='ltr'><strong><em>νόμους,</em></strong></span> <span class='ocrx_word' id='word_1_28' title='bbox 346 727 515 816; x_wconf 72' lang='grc' dir='ltr'><strong><em>ὀλιγώρως</em></strong></span> <span class='ocrx_word' id='word_1_29' title='bbox 532 727 567 797; x_wconf 77' lang='grc' dir='ltr'><strong><em>δὲ</em></strong></span> <span class='ocrx_word' id='word_1_30' title='bbox 579 733 713 814; x_wconf 78' lang='grc' dir='ltr'><strong><em>ἔχοντας</em></strong></span> <span class='ocrx_word' id='word_1_31' title='bbox 722 725 807 812; x_wconf 80' lang='grc' dir='ltr'><strong><em>πρὸς</em></strong></span> <span class='ocrx_word' id='word_1_32' title='bbox 818 725 952 795; x_wconf 77' lang='grc' dir='ltr'><strong><em>ἅπασαν</em></strong></span> <span class='ocrx_word' id='word_1_33' title='bbox 962 726 1131 814; x_wconf 77' lang='grc' dir='ltr'><strong><em>αἰσχύνην.</em></strong></span> 
     </span>
     <span class='ocr_line' id='line_1_6' title="bbox 185 824 662 914; baseline -0.006 -20"><span class='ocrx_word' id='word_1_34' title='bbox 185 826 278 894; x_wconf 83' lang='grc' dir='ltr'><strong><em>κάλει</em></strong></span> <span class='ocrx_word' id='word_1_35' title='bbox 289 851 346 914; x_wconf 85' lang='grc' dir='ltr'><strong><em>μοι</em></strong></span> <span class='ocrx_word' id='word_1_36' title='bbox 356 824 662 912; x_wconf 85' lang='grc' dir='ltr'><strong><em>τόυἩγήσανδρον.</em></strong></span> 
     </span>
    </p>
   </div>
   <div class='ocr_carea' id='block_1_3' title="bbox 547 959 771 1020">
    <p class='ocr_par' dir='ltr' id='par_1_3' title="bbox 547 959 771 1020">
     <span class='ocr_line' id='line_1_7' title="bbox 547 959 771 1020; baseline -0.005 -1"><span class='ocrx_word' id='word_1_37' title='bbox 547 959 771 1020; x_wconf 75' lang='grc' dir='ltr'><em>ΜΑΡΊῪΡΙΑ.</em></span> 
     </span>
    </p>
   </div>
   <div class='ocr_carea' id='block_1_4' title="bbox 135 1045 1178 1328">
    <p class='ocr_par' dir='ltr' id='par_1_4' title="bbox 135 1045 1178 1309">
     <span class='ocr_line' id='line_1_8' title="bbox 135 1045 1178 1156; baseline -0.005 -41"><span class='ocrx_word' id='word_1_38' title='bbox 135 1067 171 1122; x_wconf 85' lang='grc' dir='ltr'><strong><em>9ο</em></strong></span> <span class='ocrx_word' id='word_1_39' title='bbox 268 1046 485 1156; x_wconf 86' lang='grc' dir='ltr'><strong><em>[Ηγήσανδρος</em></strong></span> <span class='ocrx_word' id='word_1_40' title='bbox 502 1055 631 1156; x_wconf 85' lang='grc' dir='ltr'><strong><em>Διφίλου</em></strong></span> <span class='ocrx_word' id='word_1_41' title='bbox 647 1047 795 1136; x_wconf 74' lang='grc' dir='ltr'><strong><em>Στειριεὺς</em></strong></span> <span class='ocrx_word' id='word_1_42' title='bbox 816 1058 963 1154; x_wconf 80' lang='grc' dir='ltr'><strong><em>μαρτυρεῖ.</em></strong></span> <span class='ocrx_word' id='word_1_43' title='bbox 984 1045 1033 1113; x_wconf 77' lang='grc' dir='ltr'><strong><em>ὑτε</em></strong></span> <span class='ocrx_word' id='word_1_44' title='bbox 1053 1050 1134 1113; x_wconf 78' lang='grc' dir='ltr'><strong><em>κατέ·</em></strong></span> <span class='ocrx_word' id='word_1_45' title='bbox 1151 1053 1178 1108; x_wconf 78' lang='grc'><strong><em>68</em></strong></span> 
     </span>
     <span class='ocr_line' id='line_1_9' title="bbox 225 1128 1135 1242; baseline -0.003 -43"><span class='ocrx_word' id='word_1_46' title='bbox 225 1144 338 1202; x_wconf 88' lang='grc' dir='ltr'><strong><em>πλευσα</em></strong></span> <span class='ocrx_word' id='word_1_47' title='bbox 349 1128 392 1212; x_wconf 65' lang='lat' dir='ltr'><strong><em>ssg‘</em></strong></span> <span class='ocrx_word' id='word_1_48' title='bbox 393 1133 616 1240; x_wconf 82' lang='grc' dir='ltr'><strong><em>Ελλησκόυτου,</em></strong></span> <span class='ocrx_word' id='word_1_49' title='bbox 639 1138 800 1219; x_wconf 75' lang='grc' dir='ltr'><strong><em>κατέλαβον</em></strong></span> <span class='ocrx_word' id='word_1_50' title='bbox 814 1159 898 1242; x_wconf 87' lang='grc' dir='ltr'><strong><em>παρα</em></strong></span> <span class='ocrx_word' id='word_1_51' title='bbox 884 1128 1135 1220; x_wconf 81' lang='grc' dir='ltr'><strong><em>Πιπαλάκρετ</em></strong></span> 
     </span>
     <span class='ocr_line' id='line_1_10' title="bbox 227 1159 1135 1328; baseline -0.002 -42"><span class='ocrx_word' id='word_1_52' title='bbox 227 1225 355 1309; x_wconf 76' lang='grc' dir='ltr'><strong><em>κυβευτῇ</em></strong></span> <span class='ocrx_word' id='word_1_53' title='bbox 371 1215 597 1328; x_wconf 80' lang='grc' dir='ltr'><strong><em>διατρίβοντα</em></strong></span> <span class='ocrx_word' id='word_1_54' title='bbox 568 1245 620 1284; x_wconf 91' lang='grc' dir='ltr'><strong><em>τον</em></strong></span> <span class='ocrx_word' id='word_1_55' title='bbox 633 1214 822 1322; x_wconf 81' lang='grc' dir='ltr'><strong><em>Τίμαρχον</em></strong></span> <span class='ocrx_word' id='word_1_56' title='bbox 794 1243 846 1284; x_wconf 85' lang='grc' dir='ltr'><strong><em>του</em></strong></span> <span class='ocrx_word' id='word_1_57' title='bbox 854 1215 1094 1325; x_wconf 75' lang='grc' dir='ltr'><strong><em>Ἀρεζήλον,καλ</em></strong></span> <span class='ocrx_word' id='word_1_58' title='bbox 1041 1159 1135 1319; x_wconf 70' lang='grc' dir='ltr'><strong><em>κάλά</em></strong></span> 
     </span>
    </p>
   </div>
   <div class='ocr_carea' id='block_1_5' title="bbox 136 1294 1135 1477">
    <p class='ocr_par' dir='ltr' id='par_1_5' title="bbox 136 1294 1135 1477">
     <span class='ocr_line' id='line_1_11' title="bbox 136 1294 1135 1416; baseline 0 -29"><span class='ocrx_word' id='word_1_59' title='bbox 136 1318 170 1374; x_wconf 80' lang='lat'><strong><em>91</em></strong></span> <span class='ocrx_word' id='word_1_60' title='bbox 227 1306 385 1410; x_wconf 62' lang='grc' dir='ltr'><strong><em>ἔνθα</em></strong></span> <span class='ocrx_word' id='word_1_61' title='bbox 348 1327 442 1416; x_wconf 75' lang='grc' dir='ltr'><strong><em>τρε</em></strong></span> <span class='ocrx_word' id='word_1_62' title='bbox 413 1305 558 1408; x_wconf 72' lang='grc' dir='ltr'><strong><em>κννρενε</em></strong></span> <span class='ocrx_word' id='word_1_63' title='bbox 561 1302 727 1388; x_wconf 68' lang='grc' dir='ltr'><strong><em>ἐτεισάμην</em></strong></span> <span class='ocrx_word' id='word_1_64' title='bbox 747 1294 1135 1405; x_wconf 63' lang='grc' dir='ltr'><strong><em>Τνᾶεεεὸνίῶντλενελ</em></strong></span> 
     </span>
     <span class='ocr_line' id='line_1_12' title="bbox 226 1384 1126 1477; baseline -0.003 -23"><span class='ocrx_word' id='word_1_65' title='bbox 226 1386 342 1474; x_wconf 84' lang='grc' dir='ltr'><strong><em>χρήσει,</em></strong></span> <span class='ocrx_word' id='word_1_66' title='bbox 362 1391 445 1477; x_wconf 78' lang='grc' dir='ltr'><strong><em>ρκαλ</em></strong></span> <span class='ocrx_word' id='word_1_67' title='bbox 456 1384 489 1454; x_wconf 80' lang='grc' dir='ltr'><strong><em>τὸ</em></strong></span> <span class='ocrx_word' id='word_1_68' title='bbox 500 1385 642 1473; x_wconf 82' lang='grc' dir='ltr'><strong><em>πρότερον</em></strong></span> <span class='ocrx_word' id='word_1_69' title='bbox 651 1385 868 1470; x_wconf 78' lang='grc' dir='ltr'><strong><em>Λεωδάμαντι]</em></strong></span> <span class='ocrx_word' id='word_1_70' title='bbox 1125 1425 1126 1428; x_wconf 32' lang='lat'>¹</span> 
     </span>
    </p>
   </div>
   <div class='ocr_carea' id='block_1_6' title="bbox 184 1499 1171 1893">
    <p class='ocr_par' dir='ltr' id='par_1_6' title="bbox 184 1499 1171 1893">
     <span class='ocr_line' id='line_1_13' title="bbox 270 1499 1171 1636; baseline -0.011 -56"><span class='ocrx_word' id='word_1_71' title='bbox 270 1509 372 1580; x_wconf 87' lang='grc' dir='ltr'><strong><em>οἀκ’</em></strong></span> <span class='ocrx_word' id='word_1_72' title='bbox 353 1509 513 1636; x_wconf 81' lang='grc' dir='ltr'><strong><em>νγγνόρυν,</em></strong></span> <span class='ocrx_word' id='word_1_73' title='bbox 526 1508 577 1577; x_wconf 80' lang='grc' dir='ltr'><strong><em>ὅτι</em></strong></span> <span class='ocrx_word' id='word_1_74' title='bbox 589 1506 790 1592; x_wconf 79' lang='grc' dir='ltr'><strong><em>ὑπερόψεται</em></strong></span> <span class='ocrx_word' id='word_1_75' title='bbox 800 1535 860 1577; x_wconf 90' lang='grc' dir='ltr'><strong><em>του</em></strong></span> <span class='ocrx_word' id='word_1_76' title='bbox 867 1532 993 1594; x_wconf 90' lang='grc' dir='ltr'><strong><em>ορκον,</em></strong></span> <span class='ocrx_word' id='word_1_77' title='bbox 996 1533 1023 1574; x_wconf 84' lang='grc' dir='ltr'><strong><em>ω</em></strong></span> <span class='ocrx_word' id='word_1_78' title='bbox 1012 1499 1134 1591; x_wconf 77' lang='grc' dir='ltr'><strong><em>Ἀθη-</em></strong></span> <span class='ocrx_word' id='word_1_79' title='bbox 1147 1516 1171 1571; x_wconf 73' lang='grc'><strong><em>69</em></strong></span> 
     </span>
     <span class='ocr_line' id='line_1_14' title="bbox 184 1603 1134 1721; baseline -0.004 -44"><span class='ocrx_word' id='word_1_80' title='bbox 184 1621 289 1695; x_wconf 72' lang='grc' dir='ltr'><strong><em>ναῖοι,</em></strong></span> <span class='ocrx_word' id='word_1_81' title='bbox 301 1607 384 1677; x_wconf 81' lang='grc' dir='ltr'><strong><em>ἀλλὰ</em></strong></span> <span class='ocrx_word' id='word_1_82' title='bbox 398 1635 454 1676; x_wconf 91' lang='grc' dir='ltr'><strong><em>και</em></strong></span> <span class='ocrx_word' id='word_1_83' title='bbox 442 1610 624 1692; x_wconf 72' lang='grc' dir='ltr'><strong><em>προεῖπον</em></strong></span> <span class='ocrx_word' id='word_1_84' title='bbox 638 1604 726 1694; x_wconf 75' lang='grc' dir='ltr'><strong><em>ὑμῖν.</em></strong></span> <span class='ocrx_word' id='word_1_85' title='bbox 750 1605 883 1674; x_wconf 70' lang='grc' dir='ltr'><strong><em>κάκεῖνο</em></strong></span> <span class='ocrx_word' id='word_1_86' title='bbox 895 1603 933 1673; x_wconf 84' lang='grc' dir='ltr'><strong><em>δέ</em></strong></span> <span class='ocrx_word' id='word_1_87' title='bbox 941 1629 999 1691; x_wconf 91' lang='grc' dir='ltr'><strong><em>μοι</em></strong></span> <span class='ocrx_word' id='word_1_88' title='bbox 1009 1605 1134 1721; x_wconf 75' lang='grc' dir='ltr'><strong><em>πρόδρ-</em></strong></span> 
     </span>
     <span class='ocr_line' id='line_1_15' title="bbox 184 1697 1133 1792; baseline -0.007 -17"><span class='ocrx_word' id='word_1_89' title='bbox 184 1703 246 1775; x_wconf 85' lang='grc' dir='ltr'><strong><em>λὺν</em></strong></span> <span class='ocrx_word' id='word_1_90' title='bbox 257 1705 399 1791; x_wconf 76' lang='grc' dir='ltr'><strong><em>ἐστευ,”</em></strong></span> <span class='ocrx_word' id='word_1_91' title='bbox 379 1732 446 1790; x_wconf 87' lang='grc' dir='ltr'><strong><em>οτι,</em></strong></span> <span class='ocrx_word' id='word_1_92' title='bbox 465 1703 576 1792; x_wconf 84' lang='grc' dir='ltr'><strong><em>ἐπειδή</em></strong></span> <span class='ocrx_word' id='word_1_93' title='bbox 588 1713 654 1774; x_wconf 85' lang='grc' dir='ltr'><strong><em>νῦν</em></strong></span> <span class='ocrx_word' id='word_1_94' title='bbox 666 1703 729 1773; x_wconf 85' lang='grc' dir='ltr'><strong><em>οὑκ</em></strong></span> <span class='ocrx_word' id='word_1_95' title='bbox 741 1707 849 1774; x_wconf 81' lang='grc' dir='ltr'><strong><em>ἐθέλει</em></strong></span> <span class='ocrx_word' id='word_1_96' title='bbox 859 1717 1055 1789; x_wconf 70' lang='grc' dir='ltr'><strong><em>μαρτυρεῖν,</em></strong></span> <span class='ocrx_word' id='word_1_97' title='bbox 1074 1697 1133 1768; x_wconf 84' lang='grc' dir='ltr'><strong><em>αὑ-</em></strong></span> 
     </span>
     <span class='ocr_line' id='line_1_16' title="bbox 184 1799 1133 1893; baseline -0.007 -20"><span class='ocrx_word' id='word_1_98' title='bbox 184 1811 258 1873; x_wconf 89' lang='grc' dir='ltr'><strong><em>τικα</em></strong></span> <span class='ocrx_word' id='word_1_99' title='bbox 270 1805 424 1891; x_wconf 87' lang='grc' dir='ltr'><strong><em>παρεισιυ</em></strong></span> <span class='ocrx_word' id='word_1_100' title='bbox 434 1807 522 1872; x_wconf 84' lang='grc' dir='ltr'><strong><em>ἐν</em></strong></span> <span class='ocrx_word' id='word_1_101' title='bbox 479 1829 520 1893; x_wconf 80' lang='grc' dir='ltr'><strong><em>τῃ</em></strong></span> <span class='ocrx_word' id='word_1_102' title='bbox 542 1803 713 1893; x_wconf 81' lang='grc' dir='ltr'><strong><em>ἀπολογίᾳ.</em></strong></span> <span class='ocrx_word' id='word_1_103' title='bbox 736 1799 1133 1888; x_wconf 74' lang='grc' dir='ltr'><strong><em>καὶοὺδδνμάΔιαθαυ-</em></strong></span> 
     </span>
    </p>
   </div>
   <div class='ocr_carea' id='block_1_7' title="bbox 132 1898 1222 3569">
    <p class='ocr_par' dir='ltr' id='par_1_7' title="bbox 132 1898 1222 3569">
     <span class='ocr_line' id='line_1_17' title="bbox 184 1898 1133 1991; baseline -0.007 -19"><span class='ocrx_word' id='word_1_104' title='bbox 184 1903 325 1991; x_wconf 87' lang='grc' dir='ltr'><strong><em>μαστόν·</em></strong></span> <span class='ocrx_word' id='word_1_105' title='bbox 336 1900 701 1991; x_wconf 82' lang='grc' dir='ltr'><strong><em>ἀναβήσεταιγάρὺμτν</em></strong></span> <span class='ocrx_word' id='word_1_106' title='bbox 713 1907 814 1985; x_wconf 79' lang='grc' dir='ltr'><strong><em>δεῦρο</em></strong></span> <span class='ocrx_word' id='word_1_107' title='bbox 825 1898 1046 1989; x_wconf 76' lang='grc' dir='ltr'><strong><em>πιστεὺωντῷ</em></strong></span> <span class='ocrx_word' id='word_1_108' title='bbox 1057 1899 1133 1966; x_wconf 80' lang='grc' dir='ltr'><strong><em>ἑαυ-</em></strong></span> 
     </span>
     <span class='ocr_line' id='line_1_18' title="bbox 134 1998 1132 2124; baseline -0.01 -50"><span class='ocrx_word' id='word_1_109' title='bbox 134 2020 170 2074; x_wconf 81' lang='lat'><strong><em>92</em></strong></span> <span class='ocrx_word' id='word_1_110' title='bbox 184 2029 245 2070; x_wconf 93' lang='grc' dir='ltr'><strong><em>του</em></strong></span> <span class='ocrx_word' id='word_1_111' title='bbox 233 1999 386 2090; x_wconf 79' lang='grc' dir='ltr'><strong><em>βίῳ,’</em></strong></span> <span class='ocrx_word' id='word_1_112' title='bbox 366 1999 454 2090; x_wconf 85' lang='grc' dir='ltr'><strong><em>ανήρ</em></strong></span> <span class='ocrx_word' id='word_1_113' title='bbox 472 1999 574 2090; x_wconf 86' lang='grc' dir='ltr'><strong><em>καλὺς</em></strong></span> <span class='ocrx_word' id='word_1_114' title='bbox 590 1998 741 2124; x_wconf 75' lang='grc' dir='ltr'><strong><em>κάγαθὸς</em></strong></span> <span class='ocrx_word' id='word_1_115' title='bbox 760 2001 815 2068; x_wconf 87' lang='grc' dir='ltr'><strong><em>καλ</em></strong></span> <span class='ocrx_word' id='word_1_116' title='bbox 836 1998 1060 2086; x_wconf 78' lang='grc' dir='ltr'><strong><em>μισοπόνηρος</em></strong></span> <span class='ocrx_word' id='word_1_117' title='bbox 1080 2000 1132 2064; x_wconf 80' lang='grc' dir='ltr'><strong><em>καὶ</em></strong></span> 
     </span>
     <span class='ocr_line' id='line_1_19' title="bbox 183 2089 1133 2188; baseline 0.012 -23"><span class='ocrx_word' id='word_1_118' title='bbox 183 2097 513 2184; x_wconf 76' lang='grc' dir='ltr'><strong><em>τὸνΛεωδάμαντα”</em></strong></span> <span class='ocrx_word' id='word_1_119' title='bbox 492 2121 581 2181; x_wconf 88' lang='grc' dir='ltr'><strong><em>οστις</em></strong></span> <span class='ocrx_word' id='word_1_120' title='bbox 594 2094 639 2188; x_wconf 88' lang='grc' dir='ltr'><strong><em>ήν</em></strong></span> <span class='ocrx_word' id='word_1_121' title='bbox 650 2099 692 2168; x_wconf 83' lang='grc' dir='ltr'><strong><em>οὑ</em></strong></span> <span class='ocrx_word' id='word_1_122' title='bbox 702 2099 915 2187; x_wconf 74' lang='grc' dir='ltr'><strong><em>γιγνώσκων,</em></strong></span> <span class='ocrx_word' id='word_1_123' title='bbox 931 2089 1030 2188; x_wconf 84' lang='grc' dir='ltr'><strong><em>ἐφ’</em></strong></span> <span class='ocrx_word' id='word_1_124' title='bbox 1000 2125 1027 2166; x_wconf 85' lang='grc' dir='ltr'><strong>ω</strong></span> <span class='ocrx_word' id='word_1_125' title='bbox 1044 2095 1133 2184; x_wconf 73' lang='grc' dir='ltr'><strong><em>ὑμεῖς</em></strong></span> 
     </span>
     <span class='ocr_line' id='line_1_20' title="bbox 185 2165 1175 2314; baseline 0.004 -52.062"><span class='ocrx_word' id='word_1_126' title='bbox 185 2195 415 2281; x_wconf 72' lang='grc' dir='ltr'><strong><em>ἐθορυβήσατε</em></strong></span> <span class='ocrx_word' id='word_1_127' title='bbox 432 2204 490 2282; x_wconf 84' lang='grc' dir='ltr'><strong><em>τής</em></strong></span> <span class='ocrx_word' id='word_1_128' title='bbox 505 2207 688 2285; x_wconf 81' lang='grc' dir='ltr'><strong><em>μαρτυρίας</em></strong></span> <span class='ocrx_word' id='word_1_129' title='bbox 708 2165 1092 2286; x_wconf 75' lang='grc' dir='ltr'><strong><em>ἀναγιγνωσκομένης.</em></strong></span> <span class='ocrx_word' id='word_1_130' title='bbox 1070 2196 1133 2314; x_wconf 78' lang='grc' dir='ltr'><strong><em>αρά</em></strong></span> <span class='ocrx_word' id='word_1_131' title='bbox 1147 2213 1175 2269; x_wconf 78' lang='grc'><strong><em>70</em></strong></span> 
     </span>
     <span class='ocr_line' id='line_1_21' title="bbox 184 2293 1132 2384; baseline 0.002 -25"><span class='ocrx_word' id='word_1_132' title='bbox 184 2317 222 2380; x_wconf 89' lang='grc' dir='ltr'><strong><em>γε</em></strong></span> <span class='ocrx_word' id='word_1_133' title='bbox 243 2294 501 2380; x_wconf 83' lang='grc' dir='ltr'><strong><em>κροαχθήσομαί</em></strong></span> <span class='ocrx_word' id='word_1_134' title='bbox 518 2320 550 2363; x_wconf 91' lang='grc' dir='ltr'><strong><em>τι</em></strong></span> <span class='ocrx_word' id='word_1_135' title='bbox 571 2300 778 2384; x_wconf 78' lang='grc' dir='ltr'><strong><em>σαφέστερον</em></strong></span> <span class='ocrx_word' id='word_1_136' title='bbox 799 2295 947 2368; x_wconf 81' lang='grc' dir='ltr'><strong><em>είπείυ</em></strong></span> <span class='ocrx_word' id='word_1_137' title='bbox 924 2324 945 2383; x_wconf 81' lang='grc' dir='ltr'><em>η</em></span> <span class='ocrx_word' id='word_1_138' title='bbox 966 2294 1051 2365; x_wconf 81' lang='grc' dir='ltr'><strong><em>κατά</em></strong></span> <span class='ocrx_word' id='word_1_139' title='bbox 1073 2293 1132 2381; x_wconf 84' lang='grc' dir='ltr'><strong><em>τήν</em></strong></span> 
     </span>
     <span class='ocr_line' id='line_1_22' title="bbox 185 2390 1134 2483; baseline 0 -23"><span class='ocrx_word' id='word_1_140' title='bbox 185 2396 332 2478; x_wconf 82' lang='grc' dir='ltr'><strong><em>ἐμαυτοῦ</em></strong></span> <span class='ocrx_word' id='word_1_141' title='bbox 342 2393 464 2479; x_wconf 69' lang='grc' dir='ltr'><strong><em>φύσας</em></strong></span> <span class='ocrx_word' id='word_1_142' title='bbox 486 2401 600 2462; x_wconf 83' lang='grc' dir='ltr'><strong><em>είκατέ</em></strong></span> <span class='ocrx_word' id='word_1_143' title='bbox 607 2421 665 2482; x_wconf 90' lang='grc' dir='ltr'><strong><em>μοι</em></strong></span> <span class='ocrx_word' id='word_1_144' title='bbox 675 2393 759 2483; x_wconf 80' lang='grc' dir='ltr'><strong><em>πρὸς</em></strong></span> <span class='ocrx_word' id='word_1_145' title='bbox 768 2403 831 2464; x_wconf 83' lang='grc' dir='ltr'><strong><em>τοῦ</em></strong></span> <span class='ocrx_word' id='word_1_146' title='bbox 839 2393 923 2475; x_wconf 81' lang='grc' dir='ltr'><strong><em>Διὸς</em></strong></span> <span class='ocrx_word' id='word_1_147' title='bbox 933 2396 988 2463; x_wconf 87' lang='grc' dir='ltr'><strong><em>καλ</em></strong></span> <span class='ocrx_word' id='word_1_148' title='bbox 998 2390 1134 2463; x_wconf 75' lang='grc' dir='ltr'><strong><em>τῶυάλ-</em></strong></span> 
     </span>
     <span class='ocr_line' id='line_1_23' title="bbox 184 2487 1134 2586; baseline -0.002 -23"><span class='ocrx_word' id='word_1_149' title='bbox 184 2503 253 2563; x_wconf 83' lang='grc' dir='ltr'><strong><em>λων</em></strong></span> <span class='ocrx_word' id='word_1_150' title='bbox 264 2502 375 2583; x_wconf 69' lang='grc' dir='ltr'><strong><em>θεοῖν,</em></strong></span> <span class='ocrx_word' id='word_1_151' title='bbox 401 2487 622 2584; x_wconf 61' lang='lat' dir='ltr'><strong><em>dumam,</em></strong></span> <span class='ocrx_word' id='word_1_152' title='bbox 640 2495 729 2576; x_wconf 80' lang='grc' dir='ltr'><strong><em>ὅστις</em></strong></span> <span class='ocrx_word' id='word_1_153' title='bbox 741 2493 846 2567; x_wconf 85' lang='grc' dir='ltr'><strong><em>αὑτὸν</em></strong></span> <span class='ocrx_word' id='word_1_154' title='bbox 858 2494 1042 2586; x_wconf 75' lang='grc' dir='ltr'><strong><em>κατῄσχυνε</em></strong></span> <span class='ocrx_word' id='word_1_155' title='bbox 1053 2493 1134 2581; x_wconf 85' lang='grc' dir='ltr'><strong><em>πρὸς</em></strong></span> 
     </span>
     <span class='ocr_line' id='line_1_24' title="bbox 180 2591 1131 2682; baseline -0.002 -21"><span class='ocrx_word' id='word_1_156' title='bbox 180 2591 427 2682; x_wconf 78' lang='grc' dir='ltr'><strong><em>Ἡγήσανδρον,</em></strong></span> <span class='ocrx_word' id='word_1_157' title='bbox 450 2592 492 2664; x_wconf 85' lang='grc' dir='ltr'><strong><em>οὑ</em></strong></span> <span class='ocrx_word' id='word_1_158' title='bbox 509 2600 602 2665; x_wconf 74' lang='grc' dir='ltr'><strong><em>δοκεῖ</em></strong></span> <span class='ocrx_word' id='word_1_159' title='bbox 616 2593 695 2682; x_wconf 84' lang='grc' dir='ltr'><strong><em>ὑμῖν</em></strong></span> <span class='ocrx_word' id='word_1_160' title='bbox 705 2594 789 2680; x_wconf 82' lang='grc' dir='ltr'><strong><em>πρὸς</em></strong></span> <span class='ocrx_word' id='word_1_161' title='bbox 799 2595 861 2664; x_wconf 84' lang='grc' dir='ltr'><strong><em>τὸν</em></strong></span> <span class='ocrx_word' id='word_1_162' title='bbox 871 2597 998 2679; x_wconf 89' lang='grc' dir='ltr'><strong><em>πόρνου</em></strong></span> <span class='ocrx_word' id='word_1_163' title='bbox 1009 2617 1131 2678; x_wconf 84' lang='grc' dir='ltr'><strong><em>πεπορ-</em></strong></span> 
     </span>
     <span class='ocr_line' id='line_1_25' title="bbox 184 2688 1132 2780; baseline -0.001 -20"><span class='ocrx_word' id='word_1_164' title='bbox 184 2701 344 2774; x_wconf 72' lang='grc' dir='ltr'><strong><em>νεὺσθαις</em></strong></span> <span class='ocrx_word' id='word_1_165' title='bbox 374 2689 397 2780; x_wconf 84' lang='grc' dir='ltr'><strong><em>ή</em></strong></span> <span class='ocrx_word' id='word_1_166' title='bbox 420 2702 514 2774; x_wconf 89' lang='grc' dir='ltr'><strong><em>τίνας</em></strong></span> <span class='ocrx_word' id='word_1_167' title='bbox 543 2691 668 2774; x_wconf 87' lang='grc' dir='ltr'><strong><em>αὑτοὺς</em></strong></span> <span class='ocrx_word' id='word_1_168' title='bbox 697 2693 759 2762; x_wconf 84' lang='grc' dir='ltr'><strong><em>οὑκ</em></strong></span> <span class='ocrx_word' id='word_1_169' title='bbox 788 2692 921 2780; x_wconf 77' lang='grc' dir='ltr'><strong><em>οἰόμεθ’</em></strong></span> <span class='ocrx_word' id='word_1_170' title='bbox 948 2688 1132 2780; x_wconf 79' lang='grc' dir='ltr'><strong><em>ὑπερβολὰς</em></strong></span> 
     </span>
     <span class='ocr_line' id='line_1_26' title="bbox 183 2794 1131 2878; baseline 0.001 -21"><span class='ocrx_word' id='word_1_171' title='bbox 183 2802 351 2868; x_wconf 80' lang='grc' dir='ltr'><strong><em>ποιεῖσθαι</em></strong></span> <span class='ocrx_word' id='word_1_172' title='bbox 366 2796 542 2878; x_wconf 88' lang='grc' dir='ltr'><strong><em>βδελυρίας</em></strong></span> <span class='ocrx_word' id='word_1_173' title='bbox 559 2801 802 2877; x_wconf 82' lang='grc' dir='ltr'><strong><em>παροινοῦντας</em></strong></span> <span class='ocrx_word' id='word_1_174' title='bbox 818 2794 873 2861; x_wconf 81' lang='grc' dir='ltr'><strong><em>καὶ</em></strong></span> <span class='ocrx_word' id='word_1_175' title='bbox 889 2797 1131 2878; x_wconf 78' lang='grc' dir='ltr'><strong><em>μονουμένουςς</em></strong></span> 
     </span>
     <span class='ocr_line' id='line_1_27' title="bbox 184 2886 1131 2977; baseline 0.002 -23"><span class='ocrx_word' id='word_1_176' title='bbox 184 2887 247 2954; x_wconf 83' lang='grc' dir='ltr'><strong><em>οὐκ</em></strong></span> <span class='ocrx_word' id='word_1_177' title='bbox 257 2895 370 2954; x_wconf 77' lang='grc' dir='ltr'><strong><em>οἴεσθε</em></strong></span> <span class='ocrx_word' id='word_1_178' title='bbox 379 2889 439 2956; x_wconf 90' lang='grc' dir='ltr'><strong><em>τόυ</em></strong></span> <span class='ocrx_word' id='word_1_179' title='bbox 453 2888 684 2976; x_wconf 82' lang='grc' dir='ltr'><strong><em>Ἡγήσανδρον</em></strong></span> <span class='ocrx_word' id='word_1_180' title='bbox 701 2888 975 2977; x_wconf 82' lang='grc' dir='ltr'><strong><em>ἀπολογούμενον</em></strong></span> <span class='ocrx_word' id='word_1_181' title='bbox 983 2887 1043 2969; x_wconf 81' lang='grc' dir='ltr'><strong><em>τὰς</em></strong></span> <span class='ocrx_word' id='word_1_182' title='bbox 1053 2886 1131 2974; x_wconf 81' lang='grc' dir='ltr'><strong><em>πρὸς</em></strong></span> 
     </span>
     <span class='ocr_line' id='line_1_28' title="bbox 134 2982 1131 3078; baseline 0.008 -27"><span class='ocrx_word' id='word_1_183' title='bbox 134 3007 170 3063; x_wconf 78' lang='grc'><strong><em>93</em></strong></span> <span class='ocrx_word' id='word_1_184' title='bbox 185 2982 246 3052; x_wconf 86' lang='grc' dir='ltr'><strong><em>τόυ</em></strong></span> <span class='ocrx_word' id='word_1_185' title='bbox 260 2983 486 3071; x_wconf 79' lang='grc' dir='ltr'><strong><em>Λεωδάμαντα</em></strong></span> <span class='ocrx_word' id='word_1_186' title='bbox 503 2986 635 3072; x_wconf 77' lang='grc' dir='ltr'><strong><em>πράξεις</em></strong></span> <span class='ocrx_word' id='word_1_187' title='bbox 652 2988 711 3068; x_wconf 78' lang='grc' dir='ltr'><strong><em>τὰς</em></strong></span> <span class='ocrx_word' id='word_1_188' title='bbox 731 2990 966 3078; x_wconf 87' lang='grc' dir='ltr'><strong><em>περιβοήτους,</em></strong></span> <span class='ocrx_word' id='word_1_189' title='bbox 987 2986 1028 3069; x_wconf 75' lang='grc' dir='ltr'><strong><em>ἃς</em></strong></span> <span class='ocrx_word' id='word_1_190' title='bbox 1044 2986 1131 3075; x_wconf 77' lang='grc' dir='ltr'><strong><em>ὑμεῖς</em></strong></span> 
     </span>
     <span class='ocr_line' id='line_1_29' title="bbox 182 3083 1129 3174; baseline 0.002 -22"><span class='ocrx_word' id='word_1_191' title='bbox 182 3083 324 3164; x_wconf 78' lang='grc' dir='ltr'><strong><em>ἅπαντες</em></strong></span> <span class='ocrx_word' id='word_1_192' title='bbox 339 3084 491 3173; x_wconf 86' lang='grc' dir='ltr'><strong><em>σύνιστε,</em></strong></span> <span class='ocrx_word' id='word_1_193' title='bbox 513 3083 713 3174; x_wconf 83' lang='grc' dir='ltr'><strong><em>ὑπερήφανα</em></strong></span> <span class='ocrx_word' id='word_1_194' title='bbox 727 3087 768 3156; x_wconf 84' lang='grc' dir='ltr'><strong><em>τά</em></strong></span> <span class='ocrx_word' id='word_1_195' title='bbox 785 3089 986 3174; x_wconf 81' lang='grc' dir='ltr'><strong><em>ἐπιτάγματα</em></strong></span> <span class='ocrx_word' id='word_1_196' title='bbox 1002 3087 1129 3157; x_wconf 77' lang='grc' dir='ltr'><strong><em>ἐπιτάτ-</em></strong></span> 
     </span>
     <span class='ocr_line' id='line_1_30' title="bbox 181 3180 1131 3276; baseline 0 -24"><span class='ocrx_word' id='word_1_197' title='bbox 181 3209 266 3272; x_wconf 89' lang='grc' dir='ltr'><strong><em>τειν,</em></strong></span> <span class='ocrx_word' id='word_1_198' title='bbox 279 3180 323 3265; x_wconf 77' lang='grc' dir='ltr'><strong><em>ὡς</em></strong></span> <span class='ocrx_word' id='word_1_199' title='bbox 332 3197 403 3264; x_wconf 79' lang='grc' dir='ltr'><strong><em>ταῖς</em></strong></span> <span class='ocrx_word' id='word_1_200' title='bbox 412 3185 536 3253; x_wconf 79' lang='grc' dir='ltr'><strong><em>τούτου</em></strong></span> <span class='ocrx_word' id='word_1_201' title='bbox 546 3181 745 3276; x_wconf 80' lang='grc' dir='ltr'><strong><em>ὑπερβολαῖς</em></strong></span> <span class='ocrx_word' id='word_1_202' title='bbox 756 3185 860 3255; x_wconf 77' lang='grc' dir='ltr'><strong><em>αὑτὸν</em></strong></span> <span class='ocrx_word' id='word_1_203' title='bbox 871 3187 1009 3267; x_wconf 78' lang='grc' dir='ltr'><strong><em>δόξοντα</em></strong></span> <span class='ocrx_word' id='word_1_204' title='bbox 1021 3187 1131 3272; x_wconf 75' lang='grc' dir='ltr'><strong><em>μέτρια</em></strong></span> 
     </span>
     <span class='ocr_line' id='line_1_31' title="bbox 182 3281 1173 3372; baseline -0.005 -20"><span class='ocrx_word' id='word_1_205' title='bbox 182 3289 441 3371; x_wconf 75' lang='grc' dir='ltr'><strong><em>διαπεπρᾶχθαις</em></strong></span> <span class='ocrx_word' id='word_1_206' title='bbox 463 3281 537 3352; x_wconf 87' lang='grc' dir='ltr'><strong><em>ἀλλ’</em></strong></span> <span class='ocrx_word' id='word_1_207' title='bbox 558 3283 647 3371; x_wconf 80' lang='grc' dir='ltr'><strong><em>ὅμως</em></strong></span> <span class='ocrx_word' id='word_1_208' title='bbox 663 3283 805 3372; x_wconf 78' lang='grc' dir='ltr'><strong><em>ὄψεσθε,</em></strong></span> <span class='ocrx_word' id='word_1_209' title='bbox 829 3283 881 3355; x_wconf 84' lang='grc' dir='ltr'><strong><em>ὅτε</em></strong></span> <span class='ocrx_word' id='word_1_210' title='bbox 896 3286 951 3352; x_wconf 89' lang='grc' dir='ltr'><strong><em>καλ</em></strong></span> <span class='ocrx_word' id='word_1_211' title='bbox 962 3283 1051 3370; x_wconf 79' lang='grc' dir='ltr'><strong><em>μάλα</em></strong></span> <span class='ocrx_word' id='word_1_212' title='bbox 1062 3285 1130 3350; x_wconf 79' lang='grc' dir='ltr'><strong><em>ἐκι-</em></strong></span> <span class='ocrx_word' id='word_1_213' title='bbox 1144 3295 1173 3353; x_wconf 81' lang='grc'><strong><em>71</em></strong></span> 
     </span>
     <span class='ocr_line' id='line_1_32' title="bbox 132 3377 1130 3472; baseline -0.008 -18"><span class='ocrx_word' id='word_1_214' title='bbox 132 3399 168 3454; x_wconf 81' lang='lat'><strong><em>94</em></strong></span> <span class='ocrx_word' id='word_1_215' title='bbox 183 3390 333 3468; x_wconf 76' lang='grc' dir='ltr'><strong><em>στρεφῶς</em></strong></span> <span class='ocrx_word' id='word_1_216' title='bbox 353 3384 409 3451; x_wconf 85' lang='grc' dir='ltr'><strong><em>καλ</em></strong></span> <span class='ocrx_word' id='word_1_217' title='bbox 429 3385 610 3470; x_wconf 68' lang='grc' dir='ltr'><strong><em>ῥητορικῶς</em></strong></span> <span class='ocrx_word' id='word_1_218' title='bbox 631 3381 731 3463; x_wconf 81' lang='grc' dir='ltr'><strong><em>αὑεδς</em></strong></span> <span class='ocrx_word' id='word_1_219' title='bbox 747 3386 802 3452; x_wconf 89' lang='grc' dir='ltr'><strong><em>καλ</em></strong></span> <span class='ocrx_word' id='word_1_220' title='bbox 818 3379 837 3452; x_wconf 88' lang='lat'>6</span> <span class='ocrx_word' id='word_1_221' title='bbox 859 3379 1005 3472; x_wconf 77' lang='grc' dir='ltr'><strong><em>ἀδελφὰς</em></strong></span> <span class='ocrx_word' id='word_1_222' title='bbox 1029 3377 1130 3448; x_wconf 82' lang='grc' dir='ltr'><strong><em>αὑτοῦ</em></strong></span> 
     </span>
     <span class='ocr_line' id='line_1_33' title="bbox 180 3477 1222 3569; baseline -0.002 -22"><span class='ocrx_word' id='word_1_223' title='bbox 180 3479 366 3564; x_wconf 82' lang='grc' dir='ltr'><strong><em>Κρωβύλος</em></strong></span> <span class='ocrx_word' id='word_1_224' title='bbox 383 3477 501 3549; x_wconf 83' lang='grc' dir='ltr'><strong><em>αὑτίκα</em></strong></span> <span class='ocrx_word' id='word_1_225' title='bbox 519 3482 608 3568; x_wconf 87' lang='grc' dir='ltr'><strong><em>μάλα</em></strong></span> <span class='ocrx_word' id='word_1_226' title='bbox 626 3486 725 3564; x_wconf 83' lang='grc' dir='ltr'><strong><em>δεῦρο</em></strong></span> <span class='ocrx_word' id='word_1_227' title='bbox 744 3479 1017 3569; x_wconf 81' lang='grc' dir='ltr'><strong><em>ἀναπηδήσαντες</em></strong></span> <span class='ocrx_word' id='word_1_228' title='bbox 1031 3485 1130 3547; x_wconf 84' lang='grc' dir='ltr'><strong><em>ταῦτα</em></strong></span> <span class='ocrx_word' id='word_1_229' title='bbox 1221 3547 1222 3552; x_wconf 63' lang='grc'><strong><em>,</em></strong></span> 
     </span>
    </p>
   </div>
   <div class='ocr_carea' id='block_1_8' title="bbox 0 0 1242 3941">
    <p class='ocr_par' dir='ltr' id='par_1_8' title="bbox 0 0 1242 3941">
     <span class='ocr_line' id='line_1_34' title="bbox 0 0 1242 3941; baseline 0 0"><span class='ocrx_word' id='word_1_230' title='bbox 0 0 1242 3941; x_wconf 95' lang='lat' dir='ltr'><strong><em> </em></strong></span> 
     </span>
    </p>
   </div>
  </div>
 </body>
</html>
