2474 3946
521 275 775 334 ΑΙΣΧΙΝΟΤ

526 441 768 502 ΜΑΡῙῪΡΙΑ.

255 532 382 622 Ἐπειδὴ
394 541 523 620 τοίνυν,
536 526 761 620 ὑἈθιγνατοι,
774 534 1000 621 συνελέγησαν
1010 533 1073 621 μὲν
1085 541 1136 615 είς
1153 551 1200 604 108

172 638 305 704 Πέλλαν
323 637 360 702 αδ
374 640 561 720 πρεσβεῖαι,
583 640 693 718 παρῆν
710 632 745 699 δὲ
764 628 783 700 ὁ
801 638 964 712 Φίλιππος
980 635 1036 701 καὶ
1049 631 1134 713 τοὺς

171 732 357 821 Ἀθηναίων
367 736 519 821 πρέσβεις
529 730 548 801 ὁ
558 735 662 818 κῆρυξ
673 729 791 815 ἐκάλει,
805 725 1134 821 πρῶτουμδνπαρῄ-

106 853 158 909 280
176 857 267 918 ειμευ
279 828 321 900 οὑ
333 828 416 902 καθ’
427 828 569 919 ἡλικίαν,
583 827 693 916 ὥσπερ
704 833 741 896 ἐν
751 837 793 917 τῇ
803 833 946 920 προτέρᾳ
957 837 1132 919 πρεσβείᾳ,

173 927 193 999 ὃ
209 929 298 1018 παρά
315 949 402 999 τισιν
420 927 587 1015 εὐδοκίμει
603 929 660 996 καί
676 926 798 1012 κόσμος
820 925 903 996 εἶναι
924 935 982 1014 τῆς
1004 929 1134 1008 πόλεως

176 1031 344 1114 ἐφαίνετο,
367 1025 1131 1114 ἀλλὰκατὰτὴυΔιγμοσθέυουςάναισχυντίαν.

176 1127 318 1214 φάσκων
338 1124 403 1213 γάρ
424 1125 587 1206 νεοότατος
607 1123 692 1194 εἶναι
713 1124 850 1194 πάντων
871 1125 933 1213 τὴν
952 1128 1048 1207 τάξιν
1068 1135 1133 1196 τοῦ

177 1232 307 1310 πρῶτος
317 1229 425 1312 λέγειν
435 1223 498 1294 οὑκ
508 1221 553 1293 άν
564 1231 627 1312 ἐφη
639 1232 846 1311 παραλιπεῖν,
858 1221 928 1293 οὑά
943 1227 1135 1310 ἐπιτρέψειν

177 1325 259 1410 τινὶ,
272 1325 494 1411 αἰνιττόμενος
505 1329 552 1403 είς
563 1324 637 1410 έμέ,
650 1324 947 1410 προκαταλαβόντα
956 1326 998 1392 τὰ
1009 1329 1133 1392 Φιλίπ-
1230 1343 1231 1404 ζ

84 1453 86 1458 ·
178 1445 245 1490 που
261 1416 328 1492 ὦτα
342 1438 411 1505 τοῖς
427 1423 538 1502 ἄλλοις
554 1423 657 1509 λόγου
668 1421 713 1510 μὴ
724 1433 923 1492 καταλιπεῖν.
946 1421 1133 1511 ἀρξάμενος
1151 1443 1196 1498 109

179 1527 281 1592 δὲτοῦ
286 1530 406 1611 λέγειν,
417 1532 550 1610 πρῶτον
556 1522 717 1611 διαβολήν
722 1549 796 1590 τινα
807 1520 959 1592 ὑπειπὺν
971 1521 1053 1590 κατά
1060 1529 1133 1589 τοῖν

179 1628 428 1708 συμπρέσβεων,
436 1618 479 1700 ὑς
486 1619 547 1708 οὐχ
553 1620 696 1700 ἅπαντες
703 1618 787 1706 ὑπὲρ
797 1629 865 1688 τοῖν
877 1618 989 1688 αὑτοῖν
1000 1617 1077 1687 οὐδ’
1092 1617 1134 1688 ὅ·

178 1745 267 1806 μοιοι
283 1733 352 1800 ταίς
368 1719 479 1799 δόξαις
492 1717 634 1806 ἥκομεν,
655 1720 777 1808 διεξῄει
795 1718 853 1798 τὰς
871 1715 1053 1806 ὑπηρεσίας
1071 1716 1134 1798 τὰς

109 1832 160 1888 281
178 1817 392 1908 ὑπηργμένας
403 1825 448 1899 είς
459 1826 625 1889 Φίλιππον
636 1816 743 1908 αὑτῷ,
767 1818 902 1905 πραότην
919 1819 980 1904 μὲν
994 1817 1056 1905 τὴν
1067 1827 1134 1887 τοῦ

180 1917 405 2005 Φιλοκράτους
416 1927 630 2006 συνηγορίαν,
638 1916 693 1987 ὅτε
704 1922 824 2002 ἔφευγε
831 1917 1035 2003 παρανόμων
1045 1919 1133 1996 ἐξεί-

178 2046 235 2087 ναι
251 2019 381 2103 γράψας
394 2026 547 2108 Φιλίππῳ
564 2021 716 2104 πρέσβεις
732 2014 816 2102 πρὸς
829 2015 1026 2103 Ἀθηναίους
1041 2011 1133 2102 ὑπὲρ

178 2115 473 2202 είρήνηςπέμπειν·
482 2117 640 2202 δεάτερου
652 2120 687 2183 δὲ
700 2112 875 2200 ὑπανέγνω
888 2115 924 2184 τὸ
939 2112 1134 2204 ψήφοσμα,δ

178 2211 456 2299 γεγραφὺςαὺτός
466 2207 520 2300 ἦν,
529 2219 728 2282 σπείσασθαι
738 2221 784 2302 τῷ
796 2214 915 2300 κήρυκι
923 2216 977 2282 καί
988 2221 1029 2302 τῇ
1039 2213 1133 2300 παρὰ

180 2315 347 2380 Φιλίππου
353 2317 520 2402 πρεσβεία,
528 2317 639 2396 τρίτον
647 2314 682 2378 δὲ
689 2310 725 2379 τό
732 2313 875 2397 περὶτοῦ
880 2310 1134 2398 βουλεύσασθαι

178 2412 239 2480 τόν
250 2416 357 2498 δῆμον
374 2408 457 2497 ὑπὲρ
465 2411 640 2498 είρήνιγςέν
655 2425 787 2490 τακταῖς
795 2407 940 2498 ἡμέραις.
958 2411 1012 2478 καὶ
1023 2432 1134 2494 προσ·
1151 2422 1197 2474 110

180 2513 283 2594 έθηκέ
308 2534 340 2577 τι
366 2516 519 2577 τοιοῦτον
534 2508 712 2596 ἐνθύμημα
728 2516 775 2598 τῷ
796 2508 903 2599 λόγῳ,
926 2505 978 2575 ότι
1000 2516 1135 2593 πρῶτος

180 2602 480 2692 ἐπιστομίσειετοὺς
494 2603 557 2695 τὴν
574 2602 711 2694 εἰρήνην
717 2601 931 2697 ἐκκλῄοντας,
943 2603 985 2672 οὑ
995 2619 1061 2686 τοῖς
1071 2606 1136 2674 λό-

180 2730 267 2791 γοις,
290 2699 374 2772 ἀλλὰ
394 2717 462 2783 τοῖς
481 2703 623 2789 χρόνοις.
645 2699 753 2770 ἔπαθ’
775 2704 888 2787 ἕτερον
908 2702 1046 2790 ἐπήγετο
1064 2701 1136 2788 ψή-

182 2822 303 2887 φισμα,
323 2800 360 2868 τό
380 2805 435 2870 καὶ
451 2803 526 2887 περὶ
541 2807 724 2888 συμμαχίας
739 2800 990 2887 βουλεύσασθαι
1000 2798 1060 2869 τὸν
1071 2803 1135 2888 δῆ-

183 2923 265 2985 μον,
283 2898 338 2964 καί
354 2896 434 2982 μετά
450 2895 544 2966 ταῦτ’
557 2897 620 2985 ἤδη
631 2900 667 2967 τό
681 2899 755 2985 περί
765 2905 822 2985 τῆς
832 2903 1009 2986 προεδρίας
1020 2906 1078 2987 τῆς
1088 2905 1137 2979 είς

183 2995 224 3065 τά
241 2993 408 3066 Διονύσια
428 3009 496 3074 τοῖς
515 3000 671 3082 πρέσβεσι
691 3009 759 3076 τοῖς
780 3004 948 3066 Φιλίππου
968 2997 1134 3084 ψήφισμα.

113 3112 166 3169 181
183 3096 237 3161 καί
254 3096 442 3181 προσέθηκε
455 3090 518 3180 τὴν
533 3096 718 3181 ἐπιμέλειαν
733 3095 794 3182 τὴν
805 3094 911 3164 αὑτοῦ
921 3098 977 3164 καὶ
988 3115 1134 3181 προσκε-
1150 3109 1192 3164 111

182 3198 334 3279 φαλαίαν
351 3195 449 3261 θέσιν
466 3194 521 3262 καὶ
539 3195 692 3278 φυλακάς
707 3221 797 3274 τινας
814 3196 868 3263 καί
880 3192 1066 3280 άγρυπυίας
1076 3192 1132 3260 διὰ

181 3290 260 3372 τοὺς
277 3298 493 3378 φθονοῦντας
506 3294 562 3359 καί
577 3294 805 3379 βουλομένους
821 3298 867 3371 είς
882 3289 944 3380 τήν
956 3289 1113 3376 αὑτοῠφι

181 3396 330 3475 λοτιμίαυ
344 3387 488 3477 ὑβρίσαι,
500 3393 555 3459 καὶ
565 3391 606 3458 τά
615 3416 653 3476 γε
663 3389 704 3477 δὴ
716 3395 940 3478 καταγέλαστα
952 3396 1130 3474 παντελῶς,

181 3483 236 3564 ἐφ’
259 3481 308 3562 οἷς
335 3490 370 3553 οί
394 3495 615 3577 συμπρέσβεις
641 3490 889 3570 ἐνεκαλύψαντο
895 3539 906 3571 ,
946 3484 990 3566 ὑς
1010 3489 1130 3567 ἐξένισε
