2442 3948
54 261 73 310 μ.
88 243 123 298 48.
188 247 275 297 ΠΕΡΙ
291 244 368 297 ΤΟΤ
385 241 647 298 ΝΙΚΟΣΤΡΔΤΟΤ
664 244 827 296 ΚΛΗΡΟΥ.
945 251 985 311 55

55 441 94 494 τες
108 411 362 505 ὁμολογουμένως
374 413 588 508 Νικοστράτῳ
601 414 776 504 ἐπιτήδειοι
787 413 880 496 όντες
893 417 986 504 ἐτύγ-

56 543 150 605 χανον,
171 513 206 586 τό
227 518 287 606 μὲν
308 513 441 606 άκριβδς
463 512 539 586 οὐδ’
563 511 605 586 ἂν
621 513 741 605 οὕτως,
765 513 852 604 ὅμως
874 518 988 606 μέντοι

56 619 154 701 μᾶλλον
174 613 259 698 είκός
281 607 324 705 ήν
345 613 482 706 άληδεῖς
502 615 586 687 είυαι
605 616 714 700 δόξειν
730 612 788 697 τάς
807 614 985 704 διαθήκας·

55 713 102 802 ήδη
126 715 183 808 γάρ
207 745 293 798 τινες
319 713 381 787 οὐκ
406 707 447 786 εὖ
474 723 672 806 διακείμενοι
697 731 766 797 τοῖς
791 719 987 804 συγγενέσιν

54 810 180 898 ὀθνείους
197 826 315 906 φίλους
332 821 399 886 τεόν
416 814 505 888 πάνυ
518 816 649 906 σφόδρα
659 814 893 908 προσηκόντων
910 818 987 906 περὶ

54 923 176 999 πλείονος
207 915 414 1005 ἐποιήσαντο·
446 921 512 988 νυν
538 918 574 986 δὲ
599 915 676 988 οὔτε
703 924 878 998 συσσίτους
910 914 988 987 οότε

54 1021 147 1100 φίλους
165 1015 235 1089 οὔτ’
261 1021 297 1088 ἐν
317 1016 405 1100 τάξει
421 1021 463 1107 τῇ
480 1013 572 1106 αότή.
606 1015 733 1089 τούτων
758 1013 790 1087 δ’
808 1013 891 1107 όμῖυ
907 1014 987 1107 μάρ-

54 1141 134 1204 τυρας
158 1113 312 1188 ἁπάντων
336 1116 579 1208 παρεσχήμεθα.
624 1113 644 1187 δ
670 1119 708 1187 δὲ
733 1120 904 1208 με’γιστον,
931 1119 987 1187 καὶ
1005 1139 1039 1193 10

54 1212 219 1299 μάλιστα
180 1239 237 1307 τἠς
249 1216 420 1340 Χαριάδομ
433 1215 602 1298 ἀναιδείας
614 1234 871 1308 καταμαρτυρεῖ,
889 1221 986 1288 τοῦτο

53 1318 202 1397 σκέψασθε.
255 1315 339 1389 ὅπου
364 1315 428 1409 γάρ
452 1316 510 1389 τόν
536 1313 637 1388 αότδν
661 1317 883 1408 ποιησάμενον
914 1314 984 1388 οὔτ’

53 1407 236 1489 ἀποθανόντα
263 1415 411 1488 ἀνείλετο
436 1415 507 1489 οὔτ’
535 1427 675 1488 ἔκαυσεν
701 1415 778 1490 ουτε
804 1415 986 1506 όστολόγη

54 1533 110 1602 σευ,
125 1512 199 1588 τἰλλόι
214 1517 322 1589 πάντα
332 1534 409 1600 τοῖς
412 1521 516 1608 μηδεν
533 1518 734 1609 προσήκουσι
751 1523 878 1640 παρήκε
894 1521 986 1607 ποιή-

53 1633 107 1702 σαι,
130 1623 191 1700 πως
216 1615 279 1690 οὐκ
304 1648 348 1689 αν
359 1615 581 1700 ἀνοσιωτατος
608 1618 721 1709 είη,
702 1616 738 1700 ὸς
762 1649 809 1713 τφ
798 1619 986 1690 τεθυεωτι

53 1716 196 1798 μηδὲν
152 1748 216 1789 των
238 1721 459 1808 νομιζομένων
478 1717 618 1841 ποιήσας
641 1723 708 1789 των
731 1719 905 1812 χρημάτων
928 1716 986 1788 αό-

53 1817 99 1880 τοῦ
116 1827 322 1909 κληρονομεῖν
343 1816 444 1903 ἀξιοῖς
468 1814 550 1888 άλλά
572 1817 614 1907 νή
638 1827 706 1890 Δία
729 1817 844 1907 ἐπειδή
859 1817 987 1890 τούτων
1003 1839 1038 1892 20

53 1908 131 1985 οόδδν
115 1922 298 2008 νέποίησε,
322 1917 384 2007 τήν
406 1916 524 2018 οὐσίαν
545 1948 605 1988 του
594 1918 851 2042 Νικοστράτου
870 1924 986 2007 διεχεί-

54 2034 138 2101 ρισεν;
166 2017 248 2090 ἄλλα
276 2023 331 2088 καὶ
354 2023 458 2090 ταῦτα
480 2017 724 2141 μεμαρτύρηται
746 2015 845 2109 ὑμῖν,
869 2021 925 2088 και
947 2014 987 2086 τά

54 2120 161 2186 πλεῖστα
184 2116 263 2190 οὐδ’
291 2116 389 2200 αὐτός
414 2115 570 2210 άρνεῖται
611 2117 791 2211 προφάσεις
818 2120 855 2188 δὲ
877 2129 986 2208 οίομαι

54 2204 202 2300 ἀναγκαίας
229 2216 284 2308 ἐφ’
309 2218 460 2301 εκάσταις
485 2248 552 2297 των
574 2219 724 2342 πράξεων
751 2216 928 2311 εὑρῆσθαι
954 2225 989 2288 τί

55 2307 316 2402 γάρότολείπεται
333 2349 378 2412 τω
367 2319 580 2411 διαρρήδην
597 2317 829 2411 όμολογοόντις

109 2424 222 2506 Σαφως
248 2421 309 2510 μὲν
335 2410 397 2490 οὖν
423 2431 508 2510 ίστε,
536 2451 562 2490 ω
589 2419 772 2544 άυδρες,”
752 2450 802 2492 οτι
827 2411 918 2490 οὗτοι
944 2415 984 2488 οὐ
1003 2447 1037 2500 21

56 2511 161 2598 δικαίως
181 2549 249 2590 των
265 2519 493 2611 Νικοστράτου
516 2525 680 2611 ἐφίενται,
702 2517 785 2590 ἄλλα
807 2517 985 2608 βούλονται

56 2609 98 2690 μὲν
114 2611 190 2705 υμᾶς
212 2625 427 2710 ἐξαπατήσαι,
456 2625 609 2692 τουτουσὶ
634 2623 671 2690 δε
694 2635 865 2709 συγγενεῖς
888 2615 985 2698 ὄντας

57 2709 210 2828 ἐκείνου,
189 2717 209 2789 όι
226 2750 258 2790 οι
275 2719 369 2809 νόμοι
387 2726 507 2792 ἔδοσαν
525 2718 653 2809 αὐτοῖς,
678 2717 922 2809 άποστερήσαι.
945 2713 985 2786 οὐ

57 2806 131 2889 μόνον
148 2821 182 2888 δὲ
182 2819 366 2912 Χαριάδης
383 2849 480 2891 τουτο
501 2830 697 2910 πεποίηκεν,
721 2816 804 2898 ἀλλὰ
820 2821 876 2889 καὶ
893 2816 986 2890 ἄλλοι

56 2919 114 2982 ῖθίλ
100 2915 210 3008 λοῖήδη
227 2949 293 2993 των
312 2925 406 2992 ἐν
362 2949 404 3012 τη
419 2917 572 3046 δπερορί
562 2953 582 2993 α
598 2952 619 2992 α
617 2918 887 3010 ’ποθνησκόντων
903 2915 988 2990 ουδὲ

57 3015 261 3104 λιῖῖωσκοντες
274 3027 432 3105 ἐνίους
391 3051 449 3112 της
466 3021 581 3104 οόσίας
597 3020 867 3117 ἠμφισβήτησαν·
888 3024 987 3091 ἐνδυ·
1005 3037 1039 3088 22

58 3117 165 3192 Νὗνται
180 3151 242 3214 γαρ
258 3121 307 3195 ότι
325 3123 555 3215 κατορθωσαστ
577 3120 691 3214 μὲν
655 3153 695 3193 τα
716 3119 870 3211 ἀλλότρια
889 3128 987 3210 ἔχειν,

60 3212 241 3330 διῖμαρτοῦσι
259 3226 296 3294 δὲ
312 3223 426 3315 μικρός
443 3254 461 3295 ο
450 3219 650 3305 ο’κίνδυνος
672 3238 852 3314 μαρτυρεῖν
877 3222 914 3290 δὲ
930 3223 987 3289 καὶ

59 3333 85 3376 ¹⁰
100 3327 196 3409 ψευδῆ
216 3351 304 3406 τινες
327 3327 515 3414 ἐθέλουσιν,
545 3354 576 3395 οι
568 3319 631 3393 ’δ’
657 3330 781 3412 ἔλεγχοι
804 3315 921 3412 περὶ’
903 3349 988 3408 αφα

59 3433 114 3484 λων
144 3424 311 3496 συνελόντι
323 3422 408 3496 πολδ
425 3454 461 3494 το
452 3422 640 3514 διαφέρον
656 3451 739 3492 κατα
727 3415 888 3510 ’Ἃγίνος
867 3449 888 3508 η
906 3417 988 3490 κατά

61 3509 130 3585 ὁ(διν
148 3517 343 3615 άμφισβητεῖ
341 3556 369 3596 ν.
406 3521 478 3594 ἄλλ’
498 3520 583 3630 ὑμᾶς
600 3522 678 3613 χρή,
705 3550 730 3591 ω
719 3512 881 3612 ἄνδρες,
900 3547 989 3612 πρω-
