2474 3946
284 268 406 326 ΠΕΡΙ
424 267 863 329 ΠΑΡΑΠΡΕΣΒΕΙΑΣ.
1013 267 1055 334 83

99 449 177 512 μην,
201 420 269 493 οὔτ’
281 425 480 514 αἰσχύνομαι
491 424 539 494 ἐπ’
550 419 678 512 αὐτοῖς’,
701 426 783 498 ἀλλά
794 430 1056 516 καλφιλοτιμού-

45 537 84 594 70
100 548 167 608 μαι.
201 522 366 610 βούλομαι
384 521 414 592 δ’
427 521 514 610 ύμᾶς
532 527 587 594 καί
603 523 682 604 τούς
698 525 836 612 καιρούς
852 524 1054 617 ύπομνήσαι,

101 623 139 689 ἐν
153 615 201 699 οίς
214 622 444 708 ἐβουλεύεσθε.
476 620 540 708 τήν
550 622 612 708 μὲν
628 621 692 708 γὰρ
711 620 818 710 ἀρχήν
828 625 1054 714 ἐποιησάμεθα

97 728 161 788 τοῦ
182 721 328 806 πολέμου
348 715 432 806 ὑπὲρ
451 718 694 807 Ἀμφιπόλεως,
715 728 893 809 συνέβαινε
915 722 947 791 δ’
958 722 1055 812 ἡμῶν

99 816 161 887 τόν
183 816 368 905 στρατηγόν
389 821 427 888 ἐν
447 827 495 908 τῷ
515 821 647 908 πολέμῳ
671 821 897 908 ἐβδομήκοντα
919 822 980 909 μὲν
1000 827 1055 893 καλ

102 921 200 986 πέντε
208 916 320 996 πόλεις
331 921 537 1004 συμμαχίδας
546 914 825 1007 ἀποβεβληκέναι,
844 917 884 1000 ἀς
896 921 1054 1008 ἐκτήσατο

103 1011 466 1102 ΤιμόθεοςὸΚόνωνος
475 1019 531 1084 καί
541 1019 741 1106 κατέστησεν
752 1025 799 1098 τίς
808 1019 846 1088 τό
858 1024 1053 1109 συνέδριον·

99 1113 290 1202 προῄρημαι
308 1111 373 1200 γάρ
390 1117 684 1202 παρρησιάσασθαι
703 1120 760 1186 καλ
781 1121 965 1206 ἐλευθέρως
986 1118 1055 1207 ἅμα

101 1215 158 1282 καὶ
174 1210 304 1300 τάληθή
322 1211 425 1282 εέπόν
442 1215 623 1295 σώζεσθαι·
655 1216 714 1286 ἐάν
739 1220 775 1286 δέ
792 1215 899 1297 άλλως
916 1243 985 1298 πως
1002 1245 1056 1305 γι-

97 1311 282 1398 γνώσκητε,
293 1313 550 1400 καταχρήσασθέ
557 1341 628 1402 μοι·
650 1314 693 1384 ού
708 1314 774 1404 γάρ
791 1312 835 1384 ἀν
845 1313 1056 1386 ὑποστειλαί-

44 1419 76 1474 71
97 1437 181 1498 μην·
212 1410 331 1480 ἑκατόν
347 1413 451 1482 δὲκαὶ
468 1415 675 1501 πεντήκοντα
695 1416 838 1503 τριήρεις
854 1415 1001 1503 λαβόντα
1018 1418 1054 1484 ἐκ

97 1517 169 1577 τών
180 1517 328 1597 νεωρίων
344 1511 388 1597 μή
409 1516 716 1602 κατακεκομικέναι,
739 1517 908 1585 καὶταῦτα
924 1511 1006 1602 ὑμῖν
1018 1517 1054 1582 ἐν
1072 1541 1125 1596 γης

96 1621 169 1685 τοῖς
179 1606 305 1693 άγάσιν
314 1607 365 1676 ἀεὶ
374 1623 443 1686 τοῖς
453 1611 605 1696 Χάρητος
616 1616 652 1680 οί
658 1613 837 1701 κατήγοροι
848 1614 1052 1698 δεικνύουσι,

97 1712 188 1794 χίλια
200 1709 236 1774 δέ
253 1708 308 1773 καλ
323 1707 523 1776 πεντακόσια
540 1708 684 1777 τάλαντα
701 1709 764 1780 ούκ
781 1718 827 1791 είς
844 1711 1054 1795 στρατιώτας,
1072 1733 1123 1788 249

95 1803 173 1872 ἀλλ’
192 1807 238 1880 είς
254 1800 431 1889 ἡγεμόνων
448 1802 637 1885 ἀλαζονείας
658 1803 879 1894 ἀνηλωκέναι,
901 1809 1055 1894 Δηιάρην

94 1928 136 1972 τε
147 1904 205 1969 καὶ
215 1910 394 1988 Δηίπυρον
410 1905 465 1971 καὶ
474 1905 716 1992 Πολυφόντην,
740 1909 901 1988 δραπέτας
917 1903 1055 1989 ἀνθρώ·
1072 1919 1128 1972 λου

96 2026 202 2087 πους,
225 2003 262 2068 ἐκ
278 2008 336 2087 τής
345 1998 499 2080 Ἑλλάδος
514 2003 803 2087 συνειλεγμένους,
825 2004 880 2071 καὶ
896 2004 995 2090 χωρὶς
1010 2007 1057 2081 είς

97 2101 180 2182 τούς
189 2102 264 2187 περὶ
274 2096 311 2168 τό
324 2107 414 2188 βήμα
424 2103 480 2169 ’καλ
489 2099 552 2188 τήν
563 2104 740 2190 ἐκκλησίαν
759 2102 1004 2190 μισθοφόρους,
1023 2107 1058 2170 οἳ

99 2199 179 2279 τούς
190 2199 251 2286 μὲν
267 2198 497 2286 ταλαιπώρους
513 2198 677 2286 νησιώτας
693 2197 769 2270 καθ’
783 2201 923 2270 ἕκαστον
940 2203 1054 2270 ἐνιαυ-

99 2297 162 2368 τόν
178 2299 334 2384 ἑξήκοντα
352 2299 495 2368 τάλαντα
519 2301 732 2386 εἰσέπραττον
754 2300 928 2386 σύνταξιν,
951 2306 1054 2386 κατή-

101 2424 167 2484 γον
184 2401 219 2466 δὲ
234 2396 276 2465 τά
293 2407 391 2468 πλοῖα
406 2401 463 2466 καί
478 2399 557 2478 τούς
570 2396 732 2486 Ἕλληνας
748 2404 784 2468 ἐκ
795 2407 853 2485 τής
864 2407 978 2484 κοινῆς
987 2409 1056 2468 θα-

50 2504 85 2559 72
104 2495 231 2582 λάττης,
260 2493 333 2564 ἀντὶ
344 2499 380 2564 δέ
397 2494 579 2582 ἀξιώματος
589 2500 644 2564 καὶ
652 2506 710 2582 τής
720 2504 789 2564 τάν
801 2493 968 2582 Ἑλλήνων
976 2493 1055 2582 ἡγε·

100 2603 217 2682 μανίας
232 2594 253 2683 ή
274 2595 369 2674 πόλις
385 2592 479 2681 ἡμῶν
489 2593 701 2680 Μυοννήσου
712 2594 767 2660 καί
777 2600 835 2678 τῆς
845 2599 913 2660 τών
923 2601 1054 2680 ληστολυ
1069 2609 1118 2663 251

100 2694 199 2781 δόξης
210 2691 452 2781 ἀνεπίμπλατο·
474 2699 639 2770 Φίλιππος
654 2692 691 2760 όέ
709 2687 867 2776 ὁρμηθεὶς
889 2695 925 2759 ἐκ
935 2699 1055 2760 Μακε-

100 2798 214 2872 δονίας
225 2788 337 2862 οὐκέθ’
349 2788 433 2876 ύπέρ
443 2790 669 2877 Ἀμφιπόλεως
679 2786 762 2873 πρὸς
773 2783 859 2875 ἡμᾶς
868 2785 1054 2876 ἠγωνίζετο,

98 2889 168 2961 ἀλλ’
186 2890 250 2979 ήδη
267 2893 343 2977 περὶ
357 2890 498 2978 Λήμνου
508 2891 564 2958 καὶ
576 2888 716 2976 Ἴμβρου
738 2891 792 2958 καί
809 2890 964 2978 Σκύρου,
987 2896 1056 2958 τών

98 2988 269 3079 ἡμετέρων
285 2990 475 3076 κτημάτων·
511 2989 660 3070 ἐξέλιπον
677 2992 713 3058 δέ
729 2989 944 3076 Χερρόνησον
960 2986 1056 3080 ἡμῶν

99 3094 135 3159 οί
143 3098 285 3175 πολῖται,
290 3089 353 3177 τήν
363 3082 470 3158 οὖσαν
482 3086 741 3175 ώμολογημένως
750 3086 952 3174 Ἀθηναίων’
963 3093 1056 3154 πλεί-

100 3216 161 3271 ους
173 3191 209 3260 δέ
219 3193 393 3276 ἐκκλησίας
410 3188 618 3274 συγκλήτους
634 3185 862 3273 ἠναγκάζεσθε
879 3186 1053 3271 ἐκκλησιά-

100 3294 167 3369 ζειν
179 3288 259 3377 μετά
271 3295 383 3375 φοβον
396 3287 451 3358 καὶ
461 3287 618 3373 θορύβου
627 3281 650 3372 ή
660 3285 719 3365 τάς
730 3286 926 3370 τεταγμένας
937 3288 974 3351 ἐκ
985 3291 1053 3350 τών

52 3391 85 3450 73
101 3387 232 3473 νόμων·
253 3384 342 3456 ούτω
354 3382 386 3452 δ’
399 3377 443 3470 ἦν
454 3381 604 3471 σφαλερὰ
616 3385 671 3449 καὶ
686 3385 882 3452 ἐπικίνδυνα
893 3379 932 3448 τά
946 3379 1055 3469 πράγ-

99 3512 203 3572 ματα,
237 3484 321 3554 ὥστε
354 3481 554 3571 η’ναγκάσθη
578 3480 704 3567 γράψαι
725 3480 1055 3632 ψήφισμέβέηφισο-
