2510 3948
185 322 247 386 130
531 317 785 380 mmor

185 483 344 571 ρεάουσιν
355 483 390 548 οί
404 475 579 565 νόμοι’τὸν
589 473 656 545 ὑπό
672 483 733 544 τοῦ
744 474 852 564 δήμου
861 476 1140 562 στεφανούμενον

185 579 231 669 μή
237 578 413 667 κηρύττειν
424 581 486 658 ἔξω
497 582 555 664 τῆς
566 577 750 661 ἐκκλησίας,
761 571 822 660 οὐχ
834 575 945 654 ἕξουσι
955 577 1076 659 λέγειν,
1088 584 1141 642 οί-

186 697 284 747 σουσι
301 677 337 748 δὲ
352 682 399 758 είς
415 675 478 764 τήν
492 674 677 759 ἀπολογίαν
693 670 754 742 τόν
771 671 1004 741 Διονυσιακὸν
1021 674 1140 760 νόμον,

185 778 241 844 καλ
261 776 439 864 χρήσονται
459 780 522 844 τοῦ
543 773 651 859 νόμον
670 773 763 858 μέρει
778 773 843 840 τινί
862 773 1064 850 κλέπτοντες
1078 771 1141 857 τήν

187 872 350 962 ἀκρόασιν
360 870 473 960 ὑμῶν,
495 874 553 941 καὶ
564 872 761 954 παρέξονται
778 868 885 954 νόμον
895 865 1000 938 οὐδέν
1012 870 1142 956 προσή-
1155 881 1185 938 λδ

186 999 289 1042 κοντα
305 979 346 1061 τῇ
360 979 477 1060 γραφή
492 975 588 1058 τῇδε,
604 970 660 1038 καὶ
669 971 836 1052 λέξουσιν,
862 963 906 1048 άς
917 969 980 1035 είσλ
991 977 1035 1056 τῇ
1046 969 1142 1036 πόλει

117 1081 169 1138 429
187 1069 248 1138 δύο
259 1071 357 1155 νόμοι
369 1076 515 1156 κείμενοι
530 1069 606 1154 περὶ
622 1073 689 1134 τοῖν
705 1064 946 1152 κηρυγμάτων,
957 1059 1005 1144 εἷς
1016 1065 1090 1153 μέν,
1102 1064 1142 1134 δν

187 1173 253 1235 νῦν
264 1165 328 1254 ίγά
340 1171 539 1254 παρέχομαι,
564 1163 748 1251 διαρρήδην
765 1160 986 1248 άπαγορεάων
1002 1161 1064 1230 τὸν
1075 1160 1142 1231 ὑπὸ

187 1272 257 1349 τοῦΙ
269 1265 380 1352 δήμου
401 1264 673 1351 στεφανούμενον
694 1261 740 1350 μή
755 1262 981 1350 κηρύττεσθαι
1004 1267 1065 1343 ἔξω
1081 1271 1144 1348 τῆς

189 1367 377 1450 ἐκκλησίας,
403 1366 518 1452 ἕτερον
534 1361 565 1431 δ’
579 1362 664 1431 εἶναι
680 1363 788 1449 νόμον
802 1360 971 1448 φήσουσιν
986 1363 1143 1431 ἐναντίον

188 1465 311 1552 τούτῳ,
323 1463 385 1532 τόν
396 1461 563 1531 δεδωκότα
573 1467 726 1542 ἐξουσίαν
737 1471 906 1530 ποιεῖσθαι
916 1460 978 1549 τήν
989 1459 1144 1548 άυάρρη-

190 1581 245 1630 σιν
253 1569 315 1629 τοῦ
324 1561 494 1646 στεφάνου
504 1565 687 1651 τραγῳδοῖς
697 1563 734 1629 ἐν
743 1568 791 1650 τῷ
803 1561 952 1651 θεάτρῳ,
964 1563 1024 1632 ἐὰν
1035 1570 1142 1649 ψηφί-

190 1667 287 1744 σηται
299 1656 316 1725 ό
330 1663 448 1744 δῆμος·
460 1655 543 1725 κατὰ
556 1656 597 1745 δή
608 1666 729 1726 τοῦτον
738 1660 799 1726 τόν
809 1659 915 1745 νόμον
926 1660 1074 1747 φήσουσι
1085 1687 1143 1746 γε·

189 1760 353 1844 γραφέναι
369 1756 429 1825 τόν
444 1763 678 1845 Κτησιφῶντα.
708 1755 772 1842 ἐγώ
786 1757 822 1825 δὲ
837 1754 922 1841 πρός
939 1757 999 1837 τάς
1010 1759 1142 1828 τούτων
1155 1767 1188 1825 37

189 1857 305 1944 τέχνας
319 1859 501 1944 παρέξομαι
518 1856 728 1944 συνηγόρους
743 1857 823 1936 τούς
832 1858 958 1944 νόμους
968 1857 1049 1938 τούς
1059 1857 1143 1945 ὑμε-

189 1956 417 2044 τέρους,όπερ
429 1961 564 2026 διατελῶ
577 1955 774 2035 σπουδάζων
785 1952 875 2037 παρὰ
886 1956 1143 2043 πᾶσαντήνκα-
1243 1975 1244 2036 λ

190 2061 357 2139 τηγορίαν.
401 2061 432 2123 εί
448 2054 512 2140 γὰρ
534 2054 634 2122 τοῦτό
653 2056 743 2121 ἐστιν
765 2052 888 2139 ἀληθές
907 2056 963 2122 καλ
986 2061 1143 2122 τοιοῦτον

190 2157 269 2231 ἔθος
279 2157 511 2234 παραδέδυκεν
521 2151 618 2240 ὑμῶν
628 2160 675 2233 είς
686 2152 749 2241 τήν
764 2159 948 2240 πολιτείαν,
970 2152 1044 2223 ὥστ’
1056 2154 1144 2223 ιἰκό-
1243 2175 1244 2230 3

191 2275 271 2339 ρους
291 2250 418 2337 νόμους
439 2255 476 2319 έν
497 2266 566 2332 τοῖς
587 2260 716 2337 κυρίοις
733 2249 989 2342 ἀναγεγράφθαι
1006 2259 1063 2325 καλ
1080 2257 1143 2324 δύο

191 2352 265 2433 περὶ
286 2357 361 2437 μιᾶς
380 2349 527 2432 πράξεως
547 2349 770 2434 ὑπεναντίους
794 2352 962 2442 άλλήλοις,
983 2362 1018 2424 τί
1035 2352 1082 2424 άν
1098 2361 1145 2424 ἔτι

191 2448 317 2535 ταύτην
329 2457 417 2518 είποι
426 2475 475 2528 τις
486 2448 570 2519 εἶναι
580 2449 642 2537 τήν
653 2459 833 2540 πολιτείαν,
846 2456 882 2523 ἐν
892 2446 915 2543 ᾗ
924 2452 1029 2522 ταύτὰ
1036 2474 1145 2541 προσ·
1241 2517 1243 2528 ,

192 2549 369 2618 τάττουσιν
392 2551 427 2617 οί
445 2548 544 2636 νόμοι
563 2564 672 2619 ποιεῖν
688 2554 743 2618 καλ
759 2548 804 2638 μή
833 2565 956 2633 ποιεϊνς
983 2549 1055 2620 ἀλλ’
1079 2551 1144 2621 οὐκ
1158 2565 1189 2620 38

193 2652 257 2734 ἔχει
273 2645 371 2716 ταῦθ’
383 2645 503 2727 οὕτως·
526 2647 605 2736 μήθ’
617 2647 710 2736 ὑμεῖς
726 2673 807 2718 ποτε
817 2655 863 2729 είς
879 2652 1044 2738 τοσαύτην
1063 2652 1145 2720 ἆτα-

194 2747 267 2828 ξίαυ
284 2755 353 2814 τοῖν
368 2747 485 2833 νόμον
501 2755 697 2835 προβαίητε,
718 2746 796 2816 οὔτε
808 2747 967 2835 ἠμέληται
984 2751 1060 2838 περὶ
1077 2757 1145 2818 τῶν

192 2844 355 2912 τοιούτων
364 2849 411 2930 τῷ
427 2843 594 2932 νομοθέτῃ
608 2851 654 2934 τῷ
671 2844 734 2930 τήν
745 2849 968 2932 δημοκρατίαν
980 2849 1146 2935 καταστή-

194 2965 299 3029 σαντι,
307 2939 389 3010 άλλά
403 2943 587 3030 διαρρήδην
596 2947 835 3027 προστέτακται
845 2959 913 3025 τοῖς
920 2951 1144 3035 θεσμοθέταις

125 3059 178 3114 430
193 3042 269 3112 καθ’
281 3044 421 3110 ἕκαστον
431 3040 585 3110 ἐνιαυτόν
601 3046 765 3127 διορθοῦν
776 3045 871 3133 ἐντῷ
888 3044 981 3135 δήμῳ
992 3045 1074 3128 τούς
1084 3049 1144 3118 νό-

194 3165 293 3229 μους,
318 3137 462 3229 άκριβολς
478 3141 692 3221 ἐξετάσαντας
707 3144 763 3210 καλ
784 3145 1027 3231 σκεψαμένους,
1049 3155 1083 3214 ει·
1095 3171 1143 3225 τις

121 3321 123 3328 y
195 3239 554 3327 ἀναγίγραπταιυόμος
565 3243 712 3319 ἐναντίος
723 3241 821 3330 ἑτέρῳ
833 3235 1096 3331 νόμφήάκυρος
1106 3246 1143 3313 ἐν

122 3363 125 3373 “
194 3353 263 3419 τοῖς
274 3346 414 3426 κυρίοις,
435 3335 504 3426 ήεί
510 3363 577 3408 που
594 3341 656 3406 είσλ
666 3337 765 3425 νόμοι
781 3345 913 3418 πλείους
929 3336 1004 3417 ἑνός
1021 3337 1143 3424 ἄνοιγε·

193 3441 460 3524 γραμμίνοιπερλ
469 3437 608 3525 ἑκάστης
618 3436 772 3526 πράξεως.
796 3437 861 3506 κάν
871 3465 903 3506 τι
914 3444 1070 3506 τοιοῦτον
1084 3433 1141 3505 εὖ·
1154 3454 1185 3512 ιε

195 3537 364 3620 ρίσκοισιυ,
372 3533 643 3622 ἀναγεγραφότας
653 3539 690 3605 έν
700 3541 1005 3606 σανίσιν-ἐκτιθέναι
1013 3535 1142 3604 κελεύει
