2444 3946
206 227 317 276 XLVIII
489 209 695 261 PRAEFATIO
714 209 867 261 cntrlct.

207 405 264 444 sam
278 403 335 442 rem
352 384 492 441 curaverit.
508 382 579 437 Idem
593 382 633 436 vir
645 381 741 438 doctus
756 381 915 456 Calydonern
935 391 1044 440 nostrae
1059 383 1154 438 oratio·

206 473 250 528 nis
273 485 328 526 non
348 469 481 526 divorsum
504 482 563 524 esse
583 465 684 522 iudicat
705 465 737 522 ab
753 481 799 530 eo,
820 466 948 523 adversus
964 484 1043 540 quem
1058 467 1153 522 oratio·

206 572 269 611 nem
281 539 356 626 πρός
370 545 535 606 Καλυδῶνα
554 541 712 622 ἐπιτροπῆς
725 549 864 624 scripserit
877 550 982 607 isaeus:
1002 551 1030 606 in
1044 557 1153 622 utraque
1203 581 1204 596 ι

208 646 296 696 autem
310 653 390 694 eausa
403 634 592 708 Hagnothenm
606 633 690 689 fuisse
706 631 848 706 Calydonis
861 635 1049 698 adversarium.
1065 651 1154 707 quam·

206 724 246 778 vis
266 721 353 794 primo
381 719 489 791 quidem
511 725 623 790 aspectu
647 733 732 790 prope
757 718 930 775 temerarium
954 735 1012 775 esse
1040 717 1155 773 rideatur

208 813 329 863 statuero
351 802 455 858 lsaenm
474 801 556 857 modo
579 801 621 856 his
641 801 721 856 modo
742 798 795 856 illis
816 801 938 874 partibus
957 818 1066 875 operam
1086 817 1155 858 snam

207 889 344 946 tribuisse.
368 883 446 951 Quod
464 893 553 940 tamen
567 885 654 939 minus
668 884 766 940 mirtrm
780 884 840 941 iore
852 886 910 958 ipsa
925 885 1068 959 fragmenti
1082 884 1156 941 verba

208 969 370 1045 inspicienti.
401 969 447 1024 Eis
467 969 538 1024 enim
557 975 677 1024 actorem
698 967 843 1040 aliquando
854 969 944 1026 'fuisse
958 969 1103 1026 adversarii
1118 976 1156 1023 tu·

208 1064 297 1112 torem
308 1051 446 1114 declarari,
459 1069 514 1108 non
526 1052 578 1108 iam
589 1068 657 1108 esse.
671 1052 755 1110 Actor
765 1053 835 1108 enim
845 1052 960 1126 pupillo,
975 1060 1156 1127 posteaquam

209 1141 233 1196 is
251 1138 294 1194 sui
309 1137 376 1192 iuris
391 1137 478 1192 faetus
493 1145 565 1197 erat,
580 1135 651 1192 hona
660 1135 826 1192 tradiderat:
850 1137 948 1210 quibus
961 1138 1067 1193 interea
1085 1136 1156 1192 dissi·
1204 1139 1205 1160 ¹

208 1223 279 1298 patis
303 1219 424 1294 pupillus
444 1220 515 1276 bona
546 1221 631 1293 ipsius
653 1220 752 1275 tutoris
778 1220 860 1292 petit,
883 1237 969 1293 eaque
991 1237 1036 1277 res
1060 1221 1156 1294 optime

209 1304 334 1363 convenit
357 1320 453 1360 causae
473 1291 608 1375 ἐξούλης,
638 1319 717 1376 quam
745 1303 852 1377 quidem
876 1303 948 1360 alias
971 1320 1156 1378 quoquotum

209 1407 292 1446 eausa
314 1381 470 1460 ἐπιτροπῆς
495 1387 665 1444 coniunctam
684 1403 745 1444 esse
762 1395 877 1444 constat.
902 1388 955 1444 lam
970 1389 1041 1444 inter
1055 1403 1156 1444 oarrsam

210 1473 243 1530 ab
255 1472 416 1546 Hagnotheo
433 1478 518 1526 aotam
531 1456 605 1545 πρός
621 1467 785 1526 Καλυδῶνα
796 1463 955 1546 ἐπιτροπῆς
971 1479 999 1528 et
1009 1489 1117 1530 oausam
1129 1469 1156 1525 ah
1169 1520 1171 1527 .

211 1556 344 1629 Calydone
359 1563 445 1610 aotam
460 1541 532 1627 πρὸς
545 1541 706 1628 Ἁγνόθεον
722 1545 841 1626 ἐξούλης
853 1555 959 1629 atiquot
977 1571 1061 1612 annos
1080 1557 1158 1610 inter·
1205 1609 1206 1620 ,

210 1642 295 1696 ieetos
313 1655 373 1694 esse
394 1635 537 1695 verisimile
557 1646 612 1700 est,
635 1647 666 1694 ut
687 1637 788 1695 nuliam
808 1641 860 1696 iam
875 1640 1049 1696 ostensionem
1064 1639 1157 1695 habere

210 1723 333 1778 videatur
356 1721 429 1792 quod
453 1721 484 1778 ab
507 1739 560 1778 una
579 1721 744 1794 litigantium
755 1731 833 1796 parte
848 1724 879 1780 ad
898 1722 1009 1780 alteram
1023 1721 1158 1780 nansierit

211 1808 311 1864 lsaeus.
341 1804 464 1862 Ceterum
479 1804 594 1862 alterum
609 1801 657 1862 Fr.
674 1801 712 1863 23
731 1807 763 1862 ad
780 1807 850 1864 hano
863 1808 1011 1864 orationem
1025 1806 1158 1880 pertinere

211 1898 286 1968 reete
297 1889 350 1944 iam
365 1888 465 1946 dudum
480 1890 634 1963 suspicatus
652 1897 694 1946 est
713 1890 784 1946 idem
798 1890 1028 1948 Westermannus.
1062 1877 1159 1946 Yazd-

210 1973 337 2039 θεσις.
367 1959 425 2031 όπό
446 1989 497 2028 τοο
520 1969 580 2032 τόν
599 1990 651 2046 ego
671 1973 704 2030 de
723 1991 783 2030 meo
798 1975 910 2032 correxi.
938 1975 1001 2034 Erat
1017 1959 1077 2030 όπδ
1097 1967 1158 2028 τόν.

210 2058 242 2114 V.
257 2059 276 2130 S
292 2065 316 2116 l.
331 2063 356 2114 λ.
374 2063 401 2116 4.
416 2067 441 2118 5.
457 2053 471 2138 Η
483 2054 543 2114 τόν
565 2044 745 2133 ἀδελφιδῆν]
771 2057 849 2115 noel:
870 2067 897 2114 et
918 2066 997 2115 retus
1017 2056 1158 2114 Sohaefori.

212 2141 278 2200 Erat
293 2135 391 2212 ἰδίων,
405 2142 438 2199 de
454 2143 531 2200 cuiue
547 2141 670 2200 leotionis
685 2141 791 2216 origine
809 2159 833 2197 v.
848 2141 992 2217 Sanppins.

296 2219 320 2300 S
348 2223 374 2282 t.
397 2214 556 2300 Ἁγνόθεον
572 2226 681 2300 egregia
700 2232 744 2282 est
763 2225 857 2283 Coheti
876 2225 938 2284 Ver.
959 2224 1044 2282 Leett.
1065 2243 1094 2299 p.
1113 2228 1159 2282 atr

208 2308 362 2366 emendatio
383 2307 445 2366 ooll.
462 2309 591 2383 Harpocr.
609 2326 633 2364 v.
654 2302 902 2382 ἐπισημαίνεσθαι
917 2308 954 2383 (p.
968 2305 1089 2382 81311).
1101 2308 1160 2364 Erat

210 2378 406 2468 ἀγνοηθέντα.
432 2392 507 2450 Viam
529 2392 689 2450 monstravit
707 2393 843 2454 Dobraouo
862 2409 961 2452 nomon
982 2392 1067 2449 latere
1090 2389 1160 2448 ooni-

209 2478 286 2535 oions
312 2474 391 2554 qualo
411 2465 610 2551 ’Λγλιιοοθένη
630 2469 645 2554 ΙΙ
664 2463 730 2532 ἀλλ’
747 2465 820 2534 όνια
839 2494 872 2552 γε
890 2463 1072 2549 ἀδελφιδοῦν
1095 2460 1160 2547 ἐμὸν

211 2553 262 2618 ιιαλ
282 2552 387 2636 ιιόριον
412 2577 444 2619 ex
465 2560 578 2620 notraei
602 2561 788 2620 emendatione
810 2562 919 2636 scripsi:
940 2547 1006 2616 ἀλλ’
1025 2550 1061 2616 οδ
1080 2551 1160 2631 τόγε

209 2631 313 2716 όδελφ.
341 2635 411 2719 ἐμδν
434 2639 485 2704 ml
505 2635 610 2742 eripior
632 2645 770 2703 Sohaeieri
785 2653 877 2708 retus,
898 2646 968 2702 unde
990 2643 1126 2718 Sanppius
1139 2635 1163 2695 ελ

211 2725 260 2800 δέ,
275 2715 339 2786 ἄλλ’
361 2747 416 2786 ουν
429 2721 480 2786 τόν
494 2747 527 2806 γε
540 2724 718 2802 αδελφιδοόν
737 2715 806 2803 ἐμόν
821 2717 909 2797 όντα,
924 2720 1045 2802 κόριοντ
1062 2725 1159 2784 Bodlei

211 2815 293 2871 habet
305 2801 368 2870 ἄλλ’
386 2801 464 2870 οὕτω
477 2832 510 2889 γε
526 2793 581 2870 οὖν
596 2803 699 2886 ιἰδελφ.
720 2802 791 2887 ἐμόν
812 2831 839 2870 ιι.
855 2831 883 2868 ιι.
898 2805 913 2892 ΙΙ
927 2808 950 2890 S
965 2807 994 2870 2.
1011 2805 1161 2886 ἑταιρείαις

211 2897 428 2971 Sauppiuseoll.
443 2898 549 2956 Baitero
572 2898 605 2956 ad
627 2899 709 2956 lsoor.
732 2896 830 2972 Poneg.
852 2897 878 2990 ρ.
894 2906 927 2958 51
943 2914 984 2970 sq.
999 2895 1072 2954 nitri
1087 2887 1159 2950 ἐται-

213 2979 291 3053 ρίαις
306 2975 319 3058 Η
333 2968 372 3048 ὡς
387 2968 425 3036 δν
440 2961 823 3060 οὖν]’·,.ηυοιηοδοοιιωηιιε“.
834 2997 890 3052 ουν
897 2979 1006 3038 inclusit
1018 2978 1160 3036 Bekkerus.

94 3051 106 3064 ⁸
212 3069 246 3124 At
266 3082 290 3120 v.
312 3065 398 3124 Leott.
419 3065 480 3140 hys.
505 3083 532 3140 p.
553 3073 588 3126 32
600 3064 673 3139 (326)
688 3071 717 3123 et
731 3065 878 3122 comment.
891 3065 950 3122 orit.
967 3082 994 3139 p.
1009 3072 1050 3124 11.
1066 3056 1117 3158 11Ιὲ
1132 3057 1159 3116 3.

212 3144 246 3206 ἐκ
267 3147 325 3206 τόν
347 3146 531 3224 μαρτυριῶνς
557 3167 609 3224 ego
630 3151 664 3208 do
682 3166 752 3209 meo.
774 3148 841 3207 cett.
863 3142 895 3204 ἐιι
915 3147 975 3205 τῶν
999 3160 1159 3221 μαρτνραν.

211 3233 280 3292 Illud
303 3242 332 3292 et
347 3234 514 3294 concinnitas
535 3233 658 3308 postulat
677 3241 706 3291 et
728 3251 767 3290 or.
790 3239 809 3294 8
827 3234 905 3306 8918.
924 3225 938 3312 u
957 3228 981 3308 §
998 3228 1027 3288 4.
1048 3221 1160 3286 διώκειν

211 3313 317 3395 ταῦτα]
334 3317 469 3394 Saupprua
484 3318 600 3376 oonieoit
612 3311 712 3374 δίκαια
725 3313 819 3374 ποιῶν
833 3308 982 3374 πάντανελ
999 3313 1083 3372 simite
1099 3309 1159 3385 quid

212 3403 343 3477 seriptum
363 3403 455 3461 fonsae.
485 3396 498 3479 Η
523 3396 574 3458 καὶ
592 3390 709 3478 λόγους]
732 3394 783 3458 ιιαλ
808 3397 981 3476 κακολογίας
1000 3398 1069 3456 ooni.
1087 3395 1115 3452 G.
1129 3393 1158 3448 λ

212 3486 380 3560 Hirsohigius
402 3485 499 3544 Philol.
528 3485 594 3560 Vp.
617 3493 686 3551 325..
709 3485 769 3544 Non
791 3501 868 3559 opus.
894 3484 947 3541 Cir.
969 3500 1009 3540 or.
1032 3490 1046 3542 l
1068 3466 1157 3554 81111
