2510 3948
296 275 884 338 KATAKTHMMNTOZA
984 276 1045 339 193

83 467 172 528 χειν.
195 445 304 507 ἔπειτα
314 451 457 524 γυναῖκα
468 437 530 521 μὲν
541 433 717 517 ἀλλοτρίαν
728 445 926 505 πενθοῦσαν
937 439 1044 505 δόνα-

87 561 149 606 σαι
158 544 449 624 παραμυθεῖσθαι,
469 533 599 620 γράψας
616 534 652 601 δὲ
669 541 796 618 μισθοῦ
813 537 968 624 ψήφισμα
979 537 1042 608 οὐκ

21 645 69 699 ῖ43
87 635 300 722 άπολοχήσει;
321 629 504 720 ήτοιοῦτός
517 637 607 700 ἐστιν
624 629 666 698 ὃν
676 635 845 717 γέγραφας
856 645 1048 720 στεφανοῦ-

90 746 193 821 σθαι,
206 729 276 814 οἷος
285 734 329 820 μή
342 731 590 818 γιγνώσκεσθαι
602 726 668 796 ὑπὸ
679 737 748 797 τῶν
759 723 799 798 εὖ
809 733 1042 823 πεπονθότων,

90 832 138 902 άυ
150 834 198 920 μή
207 859 256 912 τις
266 851 320 900 σοι
330 837 486 917 σουείπη;
507 827 716 914 ἐπερώτησον
727 825 769 914 δή
786 829 865 909 τούς
876 831 1041 920 δικαστάς,

81 938 334 1018 ἐλέχόχυωσκον
344 935 496 1015 Χαβρίαν
513 929 567 994 καί
588 925 776 1014 Ἰφικράτην
791 930 847 997 καὶ
862 932 1039 1019 Τιμόθεον,

90 1034 149 1100 καὶ
160 1037 276 1099 πυθοῦ
288 1025 361 1116 παρ’
375 1024 503 1113 αὐτοῖν,
526 1022 580 1093 διά
592 1033 626 1094 τί
637 1024 695 1105 τάς
706 1026 832 1110 δωρεάς
843 1027 954 1110 αὐτοῖς
966 1035 1042 1100 ἔδο-

89 1151 156 1197 σαν
176 1131 232 1197 καί
252 1127 310 1207 τὰς
331 1126 461 1204 είκόνας
483 1131 632 1212 ἔστησαν.
664 1124 808 1204 ἅπαντες
824 1129 889 1212 γὰρ
906 1127 974 1215 άμα
991 1148 1043 1197 σοι

92 1227 371 1314 ἀποκρινοῦνται,
395 1223 587 1312 ότιΧαβρία
609 1223 671 1309 μὲν
692 1223 747 1290 διά
765 1221 827 1310 τήν
843 1226 919 1311 περὶ
928 1226 1043 1307 Νάξον

91 1331 294 1412 ναυμαχίαν,
319 1321 494 1409 Ἰφικράτει
505 1321 557 1406 δὲ,
580 1320 633 1388 ότι
649 1321 1042 1409 μόρανΛακεδαιμονίων

90 1423 273 1509 ἀπέκτεινε,
285 1425 438 1511 Τιμοθέῳ
451 1422 487 1490 δὲ
499 1420 554 1489 διά
565 1419 627 1488 τόν
637 1427 822 1504 περίπλουν
832 1418 891 1491 τόν
903 1428 1045 1510 εῖςΚέρ-
1061 1441 1112 1498 636

93 1549 220 1609 κυραν,
242 1523 298 1590 καί
309 1521 438 1605 ἄλλοις,
462 1513 648 1610 ω’νὲκάστῳ
667 1519 773 1588 πολλὰ
791 1523 846 1589 καὶ
863 1520 947 1590 καλά
959 1521 1042 1590 κατά

21 1629 71 1685 244
91 1622 241 1707 πόλεμον
252 1625 331 1706 ἔργα
343 1625 535 1704 πέπρακται.
559 1624 773 1706 Δημοσθένει
784 1616 817 1688 δ’
830 1621 890 1689 ἐάν
900 1649 949 1701 τις
960 1627 1043 1708 ἐρω-

90 1728 135 1810 τᾷ
145 1718 200 1789 διά
211 1719 290 1788 τίοά
302 1720 440 1802 δόσετες
453 1719 504 1788 ότι
514 1720 714 1807 δωροδόκος,
727 1719 778 1787 ότι
790 1719 907 1807 δειλός,
921 1721 972 1789 ὅτι
983 1723 1044 1808 τήν

89 1818 185 1899 τάξιν
199 1824 299 1886 ἔλιπε.
320 1823 374 1886 καί
384 1820 529 1904 πότερον
538 1828 660 1888 τοῦτον
673 1817 838 1904 τιμήσετε,
849 1813 872 1903 ή
882 1817 968 1904 ὑμᾶς
980 1816 1043 1886 αὐ-

88 1917 172 1994 τοὺς
184 1912 357 2001 άτιμάσετε
370 1919 514 1998 καὶτοὺς
526 1916 610 2002 ὑπὲρ
622 1915 719 2002 ὑμῶν
729 1919 767 1984 ἐν
778 1923 818 2004 τῇ
829 1916 915 2006 μάχη
927 1925 1041 1987 τελευ-

89 2013 273 2102 τήσαντας;
293 2011 352 2094 οδς
362 2015 503 2102 νομίζεθ’
517 2015 602 2104 ὁρᾶν
618 2015 878 2102 σχετλιάζοντας,
902 2009 1040 2096 είοότος

96 2113 399 2200 στεφανωθήσεται.
422 2118 476 2184 καί
486 2114 552 2203 γάρ
565 2111 607 2182 όν
619 2125 668 2202 εἴη
680 2113 808 2202 δεινόν,
821 2107 849 2183 ὦ
863 2112 1042 2203 Ἀθηναῖοι,

95 2218 125 2279 εί
139 2211 179 2280 τά
196 2214 257 2297 μὲν
274 2213 358 2293 ξύλα
373 2217 428 2282 καί
445 2215 525 2294 τούς
541 2221 659 2292 λίθους
676 2215 731 2282 καί
750 2211 810 2282 τόν
827 2219 981 2300 σίδηρον,
1002 2215 1042 2282 τά

85 2299 538 2399 ’όφωνακαὶτάάχνιόμονω
560 2313 675 2402 ἐάντςο
694 2312 876 2397 ἐμπεσόντα
888 2311 1042 2379 ἀποκτεί-

92 2431 151 2496 νῃ,
163 2405 418 2495 ὑπερορίζομεν,
429 2415 484 2479 καῖ
495 2412 554 2480 ἐάν
566 2437 614 2489 τις
625 2409 729 2477 αὐτόν
740 2410 967 2494 διαχρήσηται,
980 2409 1041 2497 τήν

90 2519 182 2591 χεῖρα
192 2505 254 2593 τήν
264 2515 363 2575 τοῦτο
376 2509 551 2596 πράξασαν
561 2510 659 2594 χωρίς
677 2513 737 2574 τοῦ
749 2507 900 2593 στόματος
911 2507 1041 2577 θάπτο-
1057 2520 1106 2577 637

24 2617 73 2672 245
90 2628 167 2688 μεν,
178 2607 405 2691 Δημοσθένην
416 2605 467 2693 δὲ,
483 2599 510 2672 τό
519 2603 705 2691 Ἀθηναῖοι,
724 2601 783 2671 τόν
793 2604 967 2690 γράψαντα
979 2605 1039 2691 μὲν

92 2696 156 2787 τήν
167 2704 380 2788 πανυστάτην
396 2709 528 2788 ἔξοδον,
550 2703 717 2786 προδόντα
733 2702 769 2771 δέ
786 2699 871 2782 τοὺς
882 2704 1043 2786 στρατιά-

92 2824 166 2884 τας,
180 2807 302 2868 τοῦτον
312 2797 405 2886 ὑμεῖς
415 2803 577 2890 τιμήσετε.
599 2799 727 2868 οὐκοῦν
739 2797 928 2888 δβριῗονται
939 2806 1000 2888 μὲν
1010 2807 1045 2871 οί

90 2897 362 2984 τελευτήσαντες,
397 2898 602 2986 άθνμότεροι
624 2899 660 2968 δὲ
680 2904 715 2968 οί
733 2907 851 2982 ζῶντες
871 2909 1042 2987 χίχνονται

90 2993 236 3081 ὁρωντες
246 3004 303 3082 τῆς
314 2995 432 3084 άρετής
443 2993 554 3068 ἆθλον
565 2996 625 3066 τόν
634 2997 786 3068 θάνατον
796 3005 966 3085 κείμενον,
980 2997 1041 3086 τήν

91 3093 128 3162 δὲ
139 3094 274 3181 μνήμην
285 3096 529 3164 ἐπιλείπουσαν.
558 3095 595 3164 τό
609 3099 823 3183 δὲμέχιστον,
846 3093 1043 3180 ἐδινέπερω-

89 3199 195 3260 τοῖσιν
211 3192 298 3281 ὑμᾶς
314 3198 347 3262 οί
363 3193 536 3282 νεοότεροι,
558 3194 641 3280 πρὸς
652 3208 748 3265 ποῖον
758 3191 819 3280 χρή
835 3193 1042 3281 παράδειγμα

26 3303 73 3361 ῖῖσ
91 3290 215 3372 αὐτοδς
226 3292 287 3361 τόν
297 3299 372 3380 βίον
384 3303 569 3379 ποιεῖσθαι,
591 3301 625 3361 τί
638 3307 794 3377 κρινεῖτες
831 3285 870 3360 εὖ
886 3293 951 3379 χόιρ
961 3303 1040 3380 ῖστε,

89 3391 143 3460 ότι
153 3391 215 3480 οὐχ
226 3397 264 3462 αί
271 3401 468 3478 παλαῖστραι
478 3390 557 3463 οὐδὲ
568 3391 608 3461 τά
619 3397 829 3462 διδασκαλεῖα
842 3389 946 3478 αὐδή
958 3417 1043 3478 μου·

91 3489 175 3640 erugo}t
181 3493 290 3578 μόνον
300 3492 450 3561 παιδεύει
462 3490 541 3572 τοὺς
559 3495 750 3580 νεωτέρους,
764 3487 1041 3644 άλλάὶτὲολδμᾶλ-

177 3603 295 3642 scamas.
