2450 3950
383 266 506 330 ΚΑΤΑ
530 265 796 324 TIMAPXOY.
1020 262 1061 330 15

105 425 173 512 γάρ
189 422 253 512 τὴν
269 428 358 494 ίδίαν
374 429 484 494 οίιιίαν
499 429 611 502 κακῶς
628 421 808 508 οίκησαντα
825 427 881 494 καὶ
897 423 938 492 τὰ
961 423 1059 494 κοινά

106 530 165 609 τῆς
174 521 302 602 πόλεως
312 527 547 607 παραπλησίως
563 517 709 607 ἡγήσοιτο
727 523 908 610 διαθεῖναι,
930 525 985 592 καὶ
997 522 1060 592 ούκ

106 619 218 687 ἐδόκει
228 615 303 689 οίόν
312 616 342 686 τ’
358 617 440 687 είναι
451 624 498 708 τῷ
509 619 676 703 νομοθίτη
686 613 747 684 τόν
759 615 863 686 αὐτόν
873 616 1059 704 ἄνθρωπον

107 721 175 806 ἰδίᾳ
185 717 249 804 μὲν
259 716 343 786 εἶναι
354 713 515 803 πονηρόν,
527 719 668 804 δημοσίηι
680 713 716 782 δὲ
725 713 880 802 χρηστόν,
891 713 965 784 οὐδ’
977 715 1058 807 ᾤετο

107 821 179 887 δεῖν
196 814 215 885 6
233 823 419 905 νομοθέτης
435 814 496 886 τόν
507 816 636 904 Ιῥήτορα
654 813 749 902 ἥκειν
765 817 818 884 ἐπὶ
836 814 873 884 τό
886 823 977 904 βῆμα
991 825 1060 886 τῶν

47 923 84 977 31
107 915 220 1000 λόγων
236 917 477 1002 ἐπιμεληθέντα
488 915 662 1002 πρότερον,
675 911 747 983 ἀλλ’
766 911 810 982 ού
825 923 887 983 τού
897 922 983 1003 βίου.
1005 919 1061 985 καί
1078 930 1113 984 56

108 1012 199 1099 παρά
211 1011 272 1099 μὲν
282 1011 406 1098 άνδρδς
419 1020 525 1083 καλοῦ
537 1016 592 1082 καί
603 1011 753 1100 όγαθού,
774 1009 839 1082 κάν
848 1014 941 1083 πάνυ
951 1021 1062 1094 κακοῖς

108 1114 166 1182 καί
182 1111 293 1193 άπλοῖς
309 1115 400 1202 ῥηθῇ
410 1112 526 1199 λόγος,
537 1113 680 1201 χρήσιμα
690 1112 731 1182 τὰ
742 1115 905 1202 λεγόμενα
915 1113 1060 1204 ἡγήσατο

109 1207 463 1291 εἶναιτοτςάκοόονσι·
482 1211 572 1297 παρά
584 1213 620 1282 δὲ
631 1210 817 1300 άνθριόπον
828 1218 995 1300 βδελυροῦ
1006 1215 1062 1282 καὶ

108 1308 360 1394 καταγελάστως
387 1309 449 1396 μὲν
475 1312 680 1396 κεχρημένου
706 1319 754 1402 τῷ
781 1311 902 1380 ἑαυτοῦ
923 1311 1060 1397 σάματι,

107 1411 251 1526 αίσχρως
268 1403 356 1474 δὲ
313 1433 376 1493 την
389 1407 547 1498 πατρηόαν
558 1405 678 1478 ούσίαν
688 1407 962 1497 κατεδηδοκότος,
984 1406 1060 1478 οὐδ’

108 1497 153 1571 άν
170 1493 211 1572 εὖ
226 1502 319 1572 πάνυ
335 1511 441 1592 λεχθῇ
457 1512 626 1575 συνοίσειν
643 1503 789 1595 ἡγήσατο
801 1520 870 1587 τοῖς
885 1503 1059 1576 άιιούονσι.

53 1610 92 1664 32
107 1601 251 1680 τούτους
261 1594 368 1682 ούνέξ
351 1601 499 1690 ξἐίργει
480 1601 546 1672 από
558 1631 620 1672 του
606 1605 795 1693 βήματος,
817 1605 957 1685 τούτους
973 1601 1061 1672 άπα-

108 1699 243 1786 γορεύει
253 1726 298 1786 μη
288 1696 520 1787 δημηγορεῖν.
544 1700 603 1771 ἐὰν
620 1706 658 1772 δέ
666 1730 715 1783 τις
724 1701 813 1789 παρὰ
825 1711 930 1772 ταῦτα
941 1729 986 1791 μη
998 1701 1062 1792 μό-

108 1824 174 1867 νον
189 1803 285 1886 λίγη,
306 1796 389 1867 ἄλλά
406 1801 461 1868 καὶ
472 1809 666 1890 ονκοφαντη
677 1803 733 1869 καὶ
744 1799 922 1890 άσελγαίνη
932 1804 987 1869 καὶ
998 1827 1062 1888 μη-

109 1899 180 1966 κέτι
195 1893 257 1966 τὰν
273 1907 427 1965 τοιοῦτον
443 1895 628 1985 ἄνθρωπον
646 1899 787 1988 δύνηται
798 1898 943 1986 φίρεινὴ
955 1899 1061 1983 πόλις,

109 2000 309 2082 δοκιμασίαν
317 1996 389 2082 μὲν,
401 1999 513 2082 φησὶν,
523 1996 746 2083 ἐπαγγειλάτω
754 1994 941 2084 Ἀθηναίων
950 1994 968 2066 6
978 2004 1063 2084 βου-

109 2093 297 2180 λόμενος,ο
298 2087 483 2181 ί,ςέξεστιν
495 2092 582 2180 ὑμᾶς
592 2092 625 2162 δ’
636 2095 700 2182 ἤδη
710 2095 838 2165 κελεύει
848 2097 925 2182 περί
933 2097 1062 2166 τούτων

110 2193 148 2260 ἐν
164 2217 211 2258 τω
198 2194 426 2312 δικαστηρίω
444 2193 713 2278 διαγιγνώσκειν·
735 2196 791 2265 καί
807 2203 873 2264 νῦν
892 2194 958 2282 ἕγιδ
978 2191 1061 2264 κατὰ

109 2297 233 2358 τοῦτον
242 2286 303 2358 τόν
313 2289 421 2377 νόμον
431 2317 503 2377 ηκω
515 2289 597 2377 πρὸς
606 2289 701 2380 ὑμᾶς.

56 2398 93 2452 33
201 2394 311 2456 Ταυτα
321 2379 436 2476 μὲν
394 2413 457 2456 ονν
467 2388 569 2458 παλαι
579 2393 849 2478 νενομοθέτηται
866 2387 1001 2478 δμεϊςδ
1016 2395 1064 2458 ἔτι

109 2488 322 2574 προσέθεσθε
338 2485 456 2556 καινόν
471 2487 577 2574 νόμον
592 2489 673 2575 μετά
684 2515 721 2557 το
711 2487 838 2557 καλὸν
848 2487 1063 2572 παγκράτιον,
1080 2503 1114 2562 67

111 2575 241 2664 δούτος
258 2588 516 2672 ἐπαγκρατίασεν
534 2588 572 2654 ἐν
589 2613 629 2674 τη
614 2583 857 2677 ’δκκλησίη,’
838 2605 1062 2673 υπεραισχνν-

110 2688 229 2763 θέντες
240 2684 294 2754 ἐπὶ
302 2691 350 2775 τῷ
360 2682 536 2769 πράγματι,
548 2681 629 2751 καθ’
642 2683 783 2769 ἑκάστην
793 2686 969 2768 ἐκκλησίαν
979 2679 1064 2748 διιο-

111 2792 262 2871 κληροῦν
273 2784 386 2872 φυλὴν
401 2785 453 2853 ἐπί
470 2781 507 2851 τὸ
522 2789 628 2872 βῆμα,
640 2782 711 2870 ἥτις
720 2783 952 2871 προεδρεύσει.Ι
969 2783 1025 2852 καί
1034 2789 1067 2849 τί

111 2880 453 2969 προσέταξενὸτνθείς
462 2879 522 2951 τόν
531 2882 838 2969 νόμον;καθῆσθαι
847 2882 974 2952 κελεύει
986 2879 1064 2958 τοὺς

112 2984 257 3070 φυλέτας
274 2990 486 3071 βοηθοῦντας
502 2995 571 3062 τοῦς
587 2982 702 3070 νόμοις
716 2983 771 3052 καί
787 2989 829 3070 τῇ
849 2985 1063 3069 δημοκρατίᾳ,

113 3076 213 3168 ὦς,ε
213 3080 287 3168 ίμη
305 3081 468 3168 βοήθειάν
485 3089 594 3150 ποθεν
615 3082 896 3169 μεταπεμψόμεθα
913 3079 966 3148 ἐπί
985 3072 1065 3155 τούς

112 3178 203 3250 οὕτω
224 3180 442 3267 βεβιωκότας,
470 3177 550 3250 οὐδὲ
572 3180 796 3266 βουλεύεσθαι
821 3179 1067 3263 δυιησομένονς
1083 3189 1118 3244 58

59 3299 96 3353 34
114 3274 866 3404 ημάςπερίτωνσπουδαιοτάτωνπραγμάτωγ
857 3269 990 3342 ἔστιδ’
1003 3269 1064 3339 ού·

3 3363 6 3480 6
114 3377 309 3467 δδνόφελος,
323 3407 348 3448 ω
336 3373 539 3467 Ἀθηναῖοι,
551 3384 657 3465 ζητεῖν
663 3402 741 3454 τους
747 3395 919 3448 τοιοντονς
927 3365 1063 3455 ἀνθρύ-

112 3499 198 3558 πονς
213 3473 453 3548 άπελαύνειν’
433 3477 497 3551 από
509 3501 571 3546 τον
559 3475 813 3562 ’βήματοςτατς
823 3481 1000 3558 κραυγαῖς·
1022 3462 1065 3535 ού

4 3743 8 3902 ί
