2510 3948
184 217 246 284 1³6
532 216 788 277 ΑΙΣΧΙΝΟΥ

185 375 304 449 ὁποίου
315 378 445 446 τούτων
455 382 524 444 νῦν
536 373 700 458 τεττάρων
710 372 815 444 αὐτοῦ
825 383 955 462 καιρῶν
965 383 1150 462 κατηγορεῖ
1236 369 1237 384 ’

186 477 241 545 καὶ
251 473 331 542 πότε
347 470 454 542 αὐτὸν
471 469 514 541 οῦ
525 470 565 540 τά
576 471 729 563 βέλτιστά
740 497 826 560 φημι
835 479 881 562 τῷ
894 473 992 561 δήμῳ
1004 479 1151 541 πεπολι-

184 577 342 640 τεῦσθαι·
365 566 431 639 κάν
441 569 486 658 μή
506 573 595 638 θέλω
611 567 873 656 άποκρίνασθαι,
896 567 975 640 ἀλλ’
999 569 1151 656 ἐγκαλύ-

186 669 377 757 πτωμαικαὶ
385 667 630 754 ἀποδιδράσκω,
641 667 842 747 ἐκκαλύψειν
851 671 895 754 μέ
903 685 991 754 φησι
1002 674 1152 751 προσελ-

185 766 264 837 θῦν
275 769 331 838 καὶ
347 765 437 847 άξειν
452 768 505 834 έπί
521 763 558 834 τό
575 772 666 852 βῆμα
676 767 731 832 καί
742 762 946 851 ἀναγκάσειν
958 762 1151 848 άποκρίνα-
1237 759 1238 764 ’

186 875 277 934 σθαι.
303 863 350 933 ἵν’
368 857 432 931 οῦν
447 859 532 950 μήθ’
551 853 649 940 οὗτος
665 865 864 949 ἰσχυρίζηται
875 860 968 948 ὑμεῖς
980 887 1018 930 τε
1030 885 1149 944 προει-
1163 876 1193 930 56

187 967 264 1051 δήτι
276 964 341 1050 ἐγιά
352 988 386 1030 τε
398 959 810 1046 άποκρίνωμαι,ἐναντίον
820 979 874 1029 σοι
883 966 953 1028 τῶν
964 964 1147 1043 δικαστῶν,

187 1060 422 1148 Δημόσθενες,
444 1061 500 1128 καὶ
517 1065 585 1125 τείν
602 1056 714 1125 άλλωυ
732 1065 895 1142 πολιτῶν,
916 1055 993 1144 ὅσοι
1010 1055 1054 1144 δή
1066 1062 1148 1136 ἔξω·

116 1174 171 1230 444
186 1168 252 1226 θεν
262 1164 468 1242 περιεστᾶσι,
481 1157 536 1223 καὶ
547 1162 615 1222 τάν
624 1152 806 1242 Ἑλλήνων,
825 1153 915 1233 ὅσοις
924 1155 1081 1241 ἐπιμελὲς
1090 1155 1147 1238 γέ-

187 1281 288 1342 γονεν
312 1254 492 1326 έπακοάειν
509 1256 609 1340 τήσθε
624 1261 682 1339 τής
690 1258 843 1338 κρίσεως·
866 1250 937 1338 ὁρῶ
948 1253 986 1320 δὲ
999 1249 1062 1320 οῦκ
1072 1249 1146 1318 ὀλί-

188 1381 269 1442 γους
286 1354 469 1440 παρόντας,
491 1350 567 1420 ἀλλ’
591 1349 693 1431 ὅσους
710 1350 819 1431 οὐδεὶς
836 1351 970 1420 πώποτε
982 1355 1143 1437 μέμνηται

188 1448 272 1537 πρὸς
282 1449 397 1537 άγῦνα
414 1448 574 1538 δημόσιον
585 1452 890 1536 παραγενομένους·
906 1447 1142 1536 ἀποκρίνομαι,

189 1547 241 1617 ὅτι
260 1546 421 1616 άπάυτων
442 1555 511 1614 τοῖν
532 1547 701 1630 τεττάρων
720 1554 847 1633 καιρῶν
868 1552 1046 1634 κατηγοροῖ
1069 1565 1142 1628 σου,

188 1641 692 1734 οῦςσὺδιαιρεῑς,κάνοῖτεθεοί
701 1650 827 1716 θέλωσι
838 1649 895 1740 καὶ
905 1651 940 1715 οἰ
948 1646 1104 1714 δικασταί
1114 1646 1143 1724 ἐξ
1156 1659 1185 1716 ⁵7
1239 1651 1240 1690 ἰ

189 1754 266 1813 ίσον
280 1740 376 1829 ήμῦν
393 1741 563 1812 ἀκούσωσι
578 1740 671 1830 κάγά
684 1742 835 1832 δύνωμαι
845 1741 1142 1830 ἀπομνημονεῦσαι

188 1841 275 1910 ὅσοι
293 1840 434 1910 σύνοιδα
439 1891 449 1926 ,
472 1840 563 1910 πάνυ
579 1847 755 1930 προσθοκῦ
773 1835 945 1924 ἐπιδείξειν
962 1857 1031 1921 τοῖς
1047 1846 1140 1909 δικα-

188 1955 279 2020 σταῖς
299 1948 358 2026 τής
377 1939 439 2026 μὲν
461 1947 622 2028 σωτηρίας
636 1946 676 2027 τῇ
692 1940 787 2010 πόλει
803 1939 882 2020 τοῦς
896 1940 1002 2019 θεοὺς
1018 1945 1140 2017 αἰτίους

188 2042 430 2125 γεγενημένους
439 2041 495 2106 καὶ
504 2038 583 2119 τοῦς
599 2039 848 2126 φιλανθρώπως
858 2041 914 2107 καί
924 2046 1064 2126 μετρίως
1073 2051 1139 2117 τοῖς

117 2148 171 2203 445
187 2144 245 2220 τῆς
256 2138 384 2214 πόλεως
395 2138 564 2223 πράγμασι
574 2140 820 2225 χρησαμένους,
842 2137 957 2206 τῶνδὲ
972 2133 1140 2223 άτνχημά-

188 2259 256 2302 των
279 2231 438 2301 ἁπάντων
454 2238 682 2322 Δημοσθένην
705 2246 811 2306 αἰτίον
831 2235 1064 2322 γεγενημένου.
1087 2235 1140 2300 καὶ

185 2333 350 2421 χρήσομαι
365 2339 406 2422 τῇ
420 2331 599 2418 τοῦλόγου
615 2334 704 2413 τάξει
719 2330 840 2422 ταάτη,
859 2331 906 2420 Ὶἢν
921 2340 1042 2402 τοῦτον
1053 2355 1140 2400 πυν-

187 2432 334 2520 θάνομαι
351 2431 518 2500 ποιεῖσθαι
534 2431 683 2518 μέλλειν,
705 2436 786 2512 λέξω
803 2433 840 2500 δέ
852 2439 985 2517 πρῶτον
995 2432 1141 2516 περὶτοῦ

187 2531 324 2615 πράτου
344 2535 465 2613 καιροῦ
482 2531 538 2596 καί
558 2527 718 2616 δεύτερον
740 2530 891 2614 περὶτοῦ
909 2530 1070 2611 δευτέρου
1087 2531 1141 2596 καί

168 2634 299 2712 Ιτρίτον
310 2628 385 2712 περὶ
402 2634 464 2695 τοῦ
480 2629 597 2713 ἑφεξῆς
607 2626 663 2694 καὶ
672 2629 829 2713 τέταρτον
839 2630 992 2710 περὶτῶν
1002 2635 1070 2696 νῦν
1080 2653 1139 2696 κα-

186 2725 402 2814 θεστηκότων
411 2725 625 2813 πραγμάτων.
647 2725 702 2792 καί
714 2722 753 2811 δή
765 2725 921 2811 ἐπανάγω
932 2723 1080 2811 έμαυτὸυ
1090 2724 1139 2792 έπί

186 2820 249 2909 τήν
260 2823 413 2908 εἰρήνην,
424 2819 468 2908 ήυ
479 2820 522 2889 σύ
534 2823 590 2890 καὶ
601 2821 808 2908 Φιλοκράτης
818 2822 992 2908 ἐγράψατε.

268 2916 360 3005 Ὑμῖν
369 2919 434 3004 γάρ
446 2916 606 3006 ἐξεγένετ’
618 2914 678 3005 οἶν,
698 2913 726 2987 εἰ
744 2918 931 3006 Ἀθηναῖοι,
947 2918 1011 3008 τήν
1022 2920 1136 3006 προτέ-
1150 2929 1180 2984 58

186 3043 250 3100 ραν
267 3020 398 3104 ἐκείνην
417 3016 554 3103 εἰρήνην
573 3017 776 3103 ποιήσασθαι
793 3015 875 3104 μετά
897 3025 1019 3085 κοινοῦ
1041 3038 1137 3086 συνε-

187 3117 283 3198 θρίον
299 3122 369 3182 τῦυ
383 3113 565 3203 Ἑλλήνων,
592 3124 625 3182 εἰ
631 3141 717 3196 τινες
728 3113 814 3202 ὑμᾶς
828 3125 944 3186 εἴασαν
955 3131 1137 3206 περιμεῖναι

89 3224 170 3294 ,446
187 3208 247 3291 τοὶς
263 3219 452 3300 πρεσβείας,
475 3208 514 3294 ὅς
524 3206 582 3300 ήτε
591 3215 840 3302 ἐκπεπομφότες
855 3212 928 3284 κατ’
941 3219 1071 3284 ἐκείνου
1081 3216 1135 3284 τὸν

184 3307 304 3397 καιρὸν
315 3314 362 3390 εἰς
371 3308 434 3397 τήν
442 3308 596 3399 Ἐλλάδα,
618 3321 889 3399 παρακαλοῦντες
898 3319 951 3384 ἐπί
961 3321 1134 3401 Φίλιππον,

184 3423 356 3495 μετασχεῖν
371 3406 568 3498 Ἑλληνικοῦ
589 3415 785 3500 συνεδρίου,
807 3415 863 3481 καί
883 3411 1061 3501 προίόντος
1079 3419 1134 3482 τοῦ
