2474 3946
188 290 231 355 52
522 289 779 349 mmor

189 448 249 520 τὸν
260 451 355 531 ξένον
366 449 449 537 πρὸς
460 449 519 517 τὸν
532 447 676 534 ἄρχοντα
686 444 872 535 ἀπήγαγεν,
893 439 922 536 φτ
933 450 1141 537 παρήδρευεν

187 546 1142 636 ἈριστοφῶνὸἈζηνιεύς,ἐπαιτιασάμενοςτέτταραςδραχ·

188 645 253 735 μὰς
275 645 380 716 αὑτὸν
396 644 480 731 ὑπὲρ
498 655 555 734 τῆς
572 646 720 731 πράξεως
740 647 863 733 ταύτης
873 645 1142 733 ἀπεστερηκέναι,

188 749 245 816 καί
256 746 334 828 τούς
344 747 471 834 νόμους
481 748 604 832 λέγων,
623 744 840 813 οῒκελεύουσι
850 740 911 813 τὸν
920 742 1069 830 ῶρχοντα
1079 753 1144 813 τῶν

189 843 352 934 ὀρφανῶν
374 850 616 932 ἐπιμελεῖσθαι,
641 841 720 922 τούς
737 841 821 928 ὑπέρ
843 852 901 929 τῆς
922 846 1145 930 σωφροσύνης

189 950 361 1033 κειμένους
371 943 472 1024 αὐτὸς
482 940 732 1030 ύπερβεβηκῶςς
754 937 835 1029 ήτίς
845 949 913 1009 τῶν
924 951 1073 1011 πολιτῶν
1082 941 1144 1011 ούκ

123 1061 174 1116 160
187 1047 397 1130 ἐδυσχέραινε
414 1042 661 1130 Κηφισόδωρον
675 1037 737 1108 τὸν
755 1046 817 1108 τού
833 1040 1003 1120 Μόλωνος
1021 1042 1144 1110 καλού-

190 1169 293 1229 μενον
331 1147 510 1227 καλλίστην
528 1138 621 1226 ῶραν
638 1138 746 1220 ὅψεως
762 1135 961 1206 ἀκλεέστατα
979 1143 1144 1226 διεφθαρ-

190 1240 288 1322 κότας
304 1237 327 1327 ή
341 1247 542 1328 Μνησίθεον
552 1237 684 1307 τὸντοῦ
694 1243 855 1325 μαγείρου
872 1236 1102 1324 καλούμενονς
1125 1233 1144 1324 ή

190 1340 335 1420 πολλούς
351 1343 499 1425 ἑτέρους,
522 1329 571 1406 ῶν
590 1335 678 1406 ἑτῶν
699 1338 982 1422 έπιλανθύνομαις
1016 1335 1060 1404 ού
1079 1337 1144 1422 γὰρ
1161 1356 1196 1410 159

190 1441 379 1521 ἐπεξελθεῖν
396 1437 509 1507 αὐτῶν
526 1437 668 1504 ἕκαστον
677 1435 747 1504 κατ’
758 1435 867 1522 ὄνομα
884 1443 1010 1519 πικρῶς
1020 1436 1146 1523 βούλο-

189 1564 264 1624 μαι,
277 1535 360 1606 ἀλλὰ
373 1543 502 1622 μᾶλλον
511 1541 580 1602 τῶν
590 1534 753 1604 τοιούτων
763 1539 872 1620 ἔργων
883 1533 1021 1619 ύπορεῑν
1033 1532 1080 1603 ῶν
1089 1534 1146 1604 εύ-

190 1641 309 1719 ξαίμην
321 1637 360 1702 έν
372 1640 422 1723 τῷ
437 1632 527 1721 λόγῳ
549 1631 602 1700 διὰ
620 1631 683 1718 τήν
700 1630 785 1718 πρὸς
800 1631 864 1719 τήν
880 1634 979 1702 πόλιν
997 1633 1143 1704 εὔνοιαν.

189 1728 300 1816 ἐπειδὴ
322 1730 358 1800 δέ
376 1732 540 1818 ἑκατέρων
561 1731 783 1817 προελόμενοί
799 1757 891 1810 τινας
907 1735 1146 1820 διεξεληλύθα-

189 1855 267 1917 μεν,
279 1831 378 1915 χωρίς
387 1828 449 1916 μὲν
460 1828 539 1908 τούς
550 1831 604 1897 διὰ
616 1829 843 1917 σωφροσύνην
853 1833 1058 1919 ἐρωμένους,
1079 1859 1145 1920 χω-

189 1932 240 2016 ρίς
257 1931 294 1999 δὲ
314 1928 392 2009 τούς
409 1935 455 2009 είς
478 1926 617 2008 ἑαυτούς
640 1929 940 2014 ἐξαμαρτάνοντας,
962 1927 1059 2015 ὑμεῖς
1079 1931 1142 2018 ήδη

189 2027 275 2097 τοῦτ’
289 2032 510 2115 ἐρωτηθέντες
520 2026 749 2116 ἀποκρίνασθε
762 2031 847 2114 πρὸς
866 2028 937 2116 ἐμὲ,
961 2037 1008 2110 είς
1025 2027 1143 2098 ὁποτέ-

190 2152 254 2210 ραν
265 2129 358 2206 τῶξιν
372 2135 540 2215 Τίμαρχον
552 2131 766 2214 κατανέμετε,
778 2126 901 2211 πότερα
913 2133 959 2207 είς
968 2127 1049 2207 τούς
1058 2131 1142 2214 έρω-

189 2227 310 2310 μένους
320 2220 342 2308 ή
353 2231 400 2302 είς
410 2222 490 2303 τούς
501 2229 802 2312 πεπορνευμένους.
834 2225 962 2296 οὐκοῦν
978 2228 1023 2316 μὴ
1041 2254 1143 2296 κατα·
1226 2263 1227 2270 ¹

189 2321 295 2390 λιπῶν
310 2317 354 2406 ήν
372 2325 463 2388 είλον
479 2329 669 2408 συμμορίαν
684 2323 915 2413 αὐτομολήσῃς
937 2325 1058 2407 εἰςτὰς
1075 2335 1143 2395 τῶν
1226 2316 1227 2406 ί

188 2423 378 2508 ἐλευθέρων
390 2423 567 2507 διατριβάς.

271 2520 345 2590 Ἐὰν
355 2518 388 2590 θ’
402 2523 589 2608 ἐπιχειρῶσι
598 2523 724 2607 λέγειν,
738 2519 783 2600 ῶς
794 2520 855 2608 ούχ
865 2519 1044 2609 ἡταίρηκεν
1055 2523 1143 2603 ὅστις
1159 2547 1200 2599 160

188 2620 232 2706 μή
248 2618 330 2688 κατὰ
348 2618 547 2708 συγγραφὰς
562 2621 755 2708 έμισθῶθη,
777 2621 832 2688 καί
848 2637 1073 2709 γραμματεῖον
1090 2623 1144 2690 καὶ

187 2719 359 2807 μάρτυρας
384 2719 501 2800 α’ξιῶσί
519 2745 560 2805 με
588 2718 719 2787 τούτων
739 2725 984 2809 παρασχέσθαι,
1010 2731 1143 2807 πρῶτον

188 2818 250 2901 μὲν
260 2816 339 2894 τοὺς
349 2821 424 2901 περὶ
434 2826 492 2904 τῆς
504 2819 701 2905 ἑταιρήσεως
711 2819 837 2905 νόμους
848 2822 1035 2907 μέμνησθε,
1048 2823 1087 2889 έν
1096 2815 1144 2898 οἷς
1225 2827 1226 2860 ¹

188 2911 342 2998 οὐδαμοῦ
357 2920 475 3000 μνείαν
492 2913 510 2982 ὁ
522 2920 710 3002 νομοθέτης
721 2920 796 3002 περὶ
808 2925 992 3004 συνθηκῶν
1003 2926 1143 3005 πεποίη·

187 3039 248 3081 ται.
271 3008 313 3079 ού
323 3009 400 3097 γὰρ,
413 3017 445 3081 εί
453 3013 537 3081 κατὰ
549 3016 774 3101 γραμματεῖόν
785 3043 833 3096 τις
845 3015 965 3086 ἑαυτὸν
976 3019 1143 3106 κατῄσχυ-

186 3135 234 3194 νε,
248 3108 335 3180 τοῦτ’
350 3111 523 3198 ἐξήτασεν,
535 3110 620 3182 ἀλλὰ
633 3123 819 3201 παντελῶς,
839 3110 983 3194 ὅπωςὶίυ
993 3112 1014 3202 ἡ
1026 3121 1143 3200 πρᾶξις

119 3223 167 3278 161
186 3211 338 3295 γένηται,
361 3209 422 3279 τὸν
437 3212 609 3298 πράξαντα
628 3215 757 3282 κελεύει
773 3215 817 3300 μή
834 3216 980 3300 μετέχειν
996 3221 1066 3282 τῶν
1085 3222 1142 3299 τῆς

187 3308 317 3390 πόλεως
335 3316 469 3378 κοινῶν.
502 3312 653 3392 εἰκότως·
677 3310 767 3392 ὅστις
783 3311 847 3400 γὰρ
864 3315 939 3392 νέος
957 3308 1006 3380 ῶν
1016 3309 1141 3397 ἀπέστη

188 3407 225 3473 σι’
240 3406 376 3493 αἰσχρὰς
386 3405 511 3495 ἡδονὰς
521 3417 579 3497 τής
589 3417 635 3490 είς
646 3409 686 3479 τὰ
697 3409 781 3480 καλὰ
794 3415 996 3497 φιλοτιμίας,
1017 3419 1141 3481 τοῦτον

187 3501 249 3570 ούκ
260 3502 356 3566 aiffa„
369 3509 439 3573 δεῖν
450 3509 680 3595 πρεσβύτερον
695 3511 881 3596 γενόμενον
892 3507 909 3577 ὁ
922 3509 1001 3590 τούς
1011 3511 1141 3596 νόμους
