2474 3946
293 303 413 361 ΠΕΡΙ
437 303 871 363 ΠΑΡΑΠΡΕΣΒΕΙΑΣ.
1025 302 1066 365 93

108 479 170 566 μὲν
188 469 253 545 ούν
269 473 378 561 ἡγεῖτο
397 473 414 542 ὁ
435 480 538 563 δῆμος
555 474 645 565 αύτῷ
662 486 771 557 καλῶς
788 484 872 564 ἔχειν
883 482 1067 562 ἐξενεγκεῖν

108 578 190 666 μετά
209 584 392 664 παρρησίας
407 576 492 661 πρὸς
511 584 678 646 Φίλιππον
698 585 853 665 Θηβαίων
873 579 934 665 μέν
955 603 1066 664 περιε·
1082 567 1133 623 ²⁷⁷

108 687 179 746 λεῖν
190 674 252 763 τήν
263 676 377 763 ὕβριν,
391 683 550 744 Βοιωτῶν
561 675 596 744 δὲ
609 673 790 765 ἀναστῆσαι
802 675 841 745 τά
852 684 956 765 τείχη,
977 675 1064 745 ταῦτ’

109 772 154 844 ἀν
171 773 310 862 ἠξίωσεν
325 778 364 844 έν
380 785 427 866 τῷ
446 783 646 864 ψηφίσματι·
678 785 744 846 νῦν
760 778 797 845 δέ
808 773 921 856 αὑτοῖς
933 775 994 862 μὲν
1004 803 1066 846 κα-

108 878 244 942 τέλιπον
254 875 315 962 τήν
327 882 373 954 είς
384 873 421 942 τὸ
436 874 562 960 ἀφανὲς
574 872 767 961 ἀναφοράν,
785 869 829 943 ἀν
840 875 886 962 μή
897 901 928 942 τι
940 881 1066 942 πείθω-
1091 946 1096 954 ,

30 973 92 1027 ¹⁰5
110 991 182 1059 σιν,
201 975 239 1040 ἐν
249 969 327 1059 ἡμῖν
344 973 380 1041 δὲ
391 970 669 1042 ἀποκινδυνεύειν
681 971 844 1062 βήθησαν
855 978 932 1041 δεῖν.
965 971 1064 1060 δεῖδή

110 1069 190 1150 τούς
206 1069 290 1158 πρὸς
307 1068 347 1140 τά
360 1068 458 1139 κοινά
477 1075 775 1160 φιλοτιμουμένους
791 1068 836 1158 μή
847 1074 995 1158 κατέχειν
1005 1071 1067 1157 μὲν

111 1171 232 1255 ἑτέρων
243 1171 356 1257 χάραν
367 1174 554 1260 πρέσβεων,
575 1167 633 1250 οὓς
644 1175 721 1261 ἐξῆν
731 1177 871 1257 πέμπειν
882 1169 958 1240 ἀνθ’
970 1171 1066 1258 ἡμῶν

108 1267 323 1356 Ἀθηναίους,
349 1267 473 1350 αύτούς
490 1272 525 1338 δὲ
542 1271 600 1350 τάς
617 1270 700 1356 πρὸς
712 1278 878 1360 Θηβαίους
889 1269 1066 1357 ἀπεχθείας

111 1367 266 1456 φεύγειν,
280 1361 328 1436 οἷν
339 1366 384 1448 εἷς
393 1363 441 1437 ἀν
449 1368 715 1457 Ἐπαμεινώνδας
721 1423 731 1456 ,
754 1369 817 1457 ούχ
826 1368 1016 1458 ὑποπτήξας
1027 1367 1063 1437 τό

110 1473 179 1534 τῶν
187 1465 371 1554 Ἀθηναίων
382 1467 523 1556 ἀξίωμα,
549 1470 618 1539 εἶπε
638 1472 823 1558 διαρρήδην
841 1473 876 1538 έν
888 1479 934 1561 τῷ
945 1469 1068 1556 πλήθει

108 1575 178 1634 τάν
189 1574 361 1655 Θηβαίων,
386 1565 430 1646 ὡς
447 1573 500 1636 δεῖ
513 1568 553 1636 τά
574 1577 632 1655 τῆς
650 1569 838 1656 Ἀθηναίων
855 1567 1066 1656 ἀκροπόλεως
1083 1569 1136 1628 278
1233 1591 1234 1652 g

107 1667 299 1751 προπύλαια
321 1681 528 1750 μετενεγκεῖν
547 1672 593 1745 είς
613 1665 675 1753 τήν
694 1665 898 1752 προστασιάυ
916 1677 975 1756 τῆς
995 1674 1067 1736 Κα-

32 1763 87 1820 1⁰⁶
107 1769 258 1851 δμείας.“
291 1771 396 1830 ταῦτα
408 1761 440 1830 δ’
454 1767 536 1849 ἐμοῦ
545 1763 666 1850 μεταξύ
676 1767 829 1851 λέγοντος
839 1765 968 1857 ἀναβοᾷ
978 1791 1068 1854 nap-

105 1868 251 1952 μέγεθες
261 1864 496 1950 Δημοσθένης,
521 1861 564 1942 ὡς
574 1873 664 1932 ἴσασι
676 1862 796 1943 πάντες
806 1871 840 1932 οί
849 1869 1069 1953 συμπρέσβεις

106 1960 223 2050 ἡμῶν·
246 1962 300 2028 καὶ
310 1959 376 2046 γάρ
387 1959 472 2044 πρδς
481 1975 549 2040 τοῖς
558 1961 669 2042 ἀλλοις
680 1977 793 2042 κακοῖς
803 1965 992 2049 βοιωτιάζει.
1026 1957 1070 2051 ήν

110 2059 141 2128 δ’
163 2051 228 2127 οὖν
245 2058 320 2146 παρ’
341 2059 447 2130 αύιού
461 2063 587 2130 τοιαυτί
605 2059 834 2147 τάλεγάμενα·
865 2061 1070 2150 ,ἅνθρωπος

112 2157 225 2229 οὑτοσὶ
236 2169 380 2247 ταραχῆς
390 2163 444 2229 καί
458 2161 580 2248 τόλμης
590 2163 657 2230 ἐστὶ
670 2161 803 2248 μεστός·
824 2164 887 2249 έγά
900 2165 936 2231 δὲ
945 2161 1068 2250 ὁμολο-

110 2269 160 2345 γοῖ
169 2259 314 2347 μαλακὰς
324 2259 408 2329 εἶναι
418 2263 472 2330 καί
482 2259 522 2330 τά
534 2259 626 2330 δεινά
634 2262 815 2348 πόρρωθεν
822 2266 974 2350 δεδιέναι,
982 2263 1072 2332 ἀπα-
1086 2271 1138 2330 279
1233 2283 1234 2308 ³

110 2363 240 2447 γορεύω
261 2365 375 2448 μέντοι
395 2359 439 2449 μή
461 2363 699 2448 συνταράττειν
718 2360 804 2450 ήμάς
821 2363 905 2449 πρὸς
923 2362 1067 2448 ἀλλήλας
1233 2357 1234 2372 ’

112 2459 171 2538 τάς
191 2459 317 2539 πόλεις,
339 2459 376 2526 τό
399 2459 445 2546 μή
465 2468 758 2548 πολυπραγμονεῖν
777 2458 866 2546 ἡμᾶς
886 2456 967 2536 τούς
989 2461 1072 2541 πρέ-

39 2563 93 2617 107
112 2565 202 2646 σβεις
218 2560 336 2645 μηδὲν,
360 2557 446 2626 τοῦτ’
463 2557 597 2644 ἀγαθὸν
614 2557 863 2644 ὑπολαμβάνων
881 2555 974 2624 είυοιι.
1009 2581 1072 2624 πο·

112 2659 243 2744 ρεύεται
260 2665 423 2736 Φίλιππος
447 2664 492 2737 είς
512 2659 642 2744 Πύλας,
671 2653 736 2742 ἐγά
759 2659 795 2724 δὲ
817 2656 1070 2742 ἐγκαλύπτομαι.

112 2753 224 2836 ούδείς
233 2785 273 2844 με
284 2767 354 2826 τοῖν
365 2757 479 2826 ὅπλων
490 2758 587 2824 ἕνεκα
598 2764 667 2824 τοῖν
678 2761 848 2825 Φιλίππου
858 2767 979 2842 κρινεῖ,
999 2751 1068 2820 ἀλλ’

110 2851 254 2924 ἀνείπω
271 2885 302 2924 τι
316 2855 360 2944 μῆ
379 2860 455 2925 δέον
469 2849 493 2943 ή
508 2856 621 2940 πράξω
633 2882 664 2924 τι
681 2861 750 2924 τοῖν
764 2851 808 2943 μή
828 2855 1071 2942 προστεταγμέ-

110 2959 222 3022 νωνζ“
254 2960 354 3042 πέρας
372 2959 408 3024 δὲ
426 2964 488 3024 τοῦ
503 2955 701 3043 πράγματος,
713 2958 919 3044 έφηφίσοιυτο
937 2960 971 3023 οί
985 2974 1071 3039 συμ-

111 3057 280 3142 πρέσβεις,
311 3053 378 3123 ιιαί
398 3054 506 3139 ἀνδρα
527 3057 782 3142 ἐπερωτώμενος
806 3057 943 3132 ἕκαστος
963 3049 1069 3140 ήμάν,

111 3151 133 3221 ὅ
151 3181 183 3222 τι
200 3161 323 3242 νομιξει
340 3159 540 3241 συμφέρειν,
562 3163 660 3223 τοῦτο
679 3159 797 3240 λέγειν.
840 3149 892 3219 δτι
910 3149 943 3219 δ’
961 3148 1073 3238 ἀληθῆ

110 3257 212 3342 λέγω,
237 3257 332 3324 κάλει
346 3283 402 3343 μοι
418 3255 497 3333 τούς
510 3257 733 3342 συμπρέσβεις
744 3253 800 3321 καὶ
811 3247 875 3337 τήν
886 3255 1074 3335 μαρτυρίαν

109 3349 225 3422 αύτοέν
234 3357 318 3442 λέγε.
