2510 3948
345 291 484 350 ’ΚΑΤΑ
506 291 884 352 ΚΤΗΣΙΦΩΝΤΟΣ.
1023 291 1085 357 149

136 450 170 528 έξ
196 443 411 532 Ἀκαρνανίας
435 450 470 517 δὲ
491 449 622 532 έτέρονς
641 449 835 530 τοσούτους·
868 452 1029 520 δεδόσθαι
1050 450 1087 520 δὲ

9 605 11 610 .
136 541 202 612 ἀπό
227 545 363 614 πάντων
386 547 514 616 τούτων
541 543 602 632 τὴν
617 543 799 633 ἡγεμονίαν
814 546 909 634 ύμλν·
931 551 1086 636 πραχθη-
1099 557 1152 614 489

137 652 257 711 σεσθαι
273 642 309 710 δὲ
326 642 410 712 αύτά
433 641 495 712 ούκ
513 650 559 723 είς
575 643 723 731 μακράν,
747 641 821 712 ἀλλ’
843 650 889 724 εἰς
905 643 968 730 τὴν
986 647 1084 734 έκτην

9 778 14 786 -
137 742 189 808 ἐπὶ
212 743 291 810 δέκα
313 749 374 810 τού
398 739 668 828 ἀνθεστηριῶνος
689 743 808 829 μηνός·
842 750 997 831 εἰρῆσθαι
1017 743 1083 831 γάρ

137 842 175 907 έν
192 853 262 920 ταῖς
280 840 419 908 πόλεσιν
429 839 491 927 ὑφ’
510 844 630 908 ἑαυτοῦ
648 844 704 908 καί
719 847 949 931 παρηγγέλθαι
959 843 1084 921 πάντας

8 977 12 986 ·
135 938 231 1025 ἥκειν
246 940 530 1022 συνεδρεύσοντας
550 937 708 1025 Ἀθήναζε
725 938 843 1026 εἰςτὴν
864 942 1083 1027 πανσέληνον,

78 1049 117 1103 99
135 1038 190 1105 καί
211 1037 277 1124 γὰρ
297 1045 396 1105 τοῦτο
415 1035 596 1123 ἅνθρωπος
615 1041 703 1105 ίδιον
721 1039 778 1104 καί
794 1034 835 1105 ού
854 1036 971 1106 κοινόν
989 1051 1082 1106 ποιεί
1098 1042 1150 1098 49⁰

135 1141 170 1205 οί
178 1136 239 1222 μὲν
247 1136 313 1222 γύρ
325 1135 421 1205 ἀλλοι
430 1135 585 1218 ἀλαζόνες
596 1134 677 1204 όταν
688 1163 719 1204 τι
729 1136 933 1222 ψεύδωνται,
946 1135 1082 1222 ἀόριστα

133 1235 186 1300 καί
200 1229 311 1320 ἀσαφῆ
324 1241 502 1321 πειρῶνται
512 1237 636 1318 λέγειν,
649 1231 855 1321 φοβούμενοι
864 1231 924 1301 τόν
935 1237 1082 1320 ἔλεγχον·

133 1338 354 1418 Δημοσθένης
373 1331 408 1400 δ’
420 1329 503 1403 όταν
513 1328 763 1418 ἀλαζονεύηται,
786 1338 919 1414 πρῶτον
930 1330 992 1416 μὲν
1002 1325 1082 1414 μεθ’

135 1426 240 1509 ὅρκον
250 1431 423 1514 ψεύδεται,
442 1431 594 1510 ἐξώλειαν
606 1429 817 1516 ἐπαρώμενος
828 1431 949 1520 ἑαυτῷ,
970 1429 1083 1496 δεύτε-

135 1548 197 1606 ρον
218 1520 312 1609 omi
334 1518 374 1592 εύ
394 1525 484 1593 οἶδεν
505 1524 663 1594 οὐδέποτε
679 1527 836 1613 ἐσόμενα,
854 1533 959 1616 τολμᾷ
975 1529 1084 1612 λέγειν

135 1617 291 1708 ἀριθμιιν
308 1628 354 1700 είς
371 1619 465 1690 ὁπότ’
484 1627 590 1707 ἔσται,
611 1624 666 1689 καί
684 1615 733 1689 ἀν
748 1623 788 1690 τύ
802 1624 937 1710 στόματα
948 1621 1009 1708 οὐχ
1020 1622 1083 1690 έοό-

134 1745 225 1803 ρακε,
238 1720 368 1787 τούτων
375 1719 414 1785 τὰ
424 1717 570 1804 όνόματα
581 1721 677 1804 λέγει,
690 1724 838 1789 κλέπτων
847 1721 910 1807 τὴν
921 1719 1083 1807 ἀκρόασιν

132 1821 189 1885 καὶ
199 1819 403 1904 μιμούμενος
410 1816 489 1895 τούς
498 1815 627 1902 τάληθῆ
638 1821 801 1903 λέγοντας.
814 1818 866 1886 διδ
878 1823 933 1886 καί
942 1819 1082 1904 μάλιστα

133 1915 227 1995 ἀξιός
237 1919 305 1983 ἐστι
315 1924 498 2001 μισεῖσθαι,
522 1913 574 1982 ότι
592 1912 736 2000 πονηρός
748 1910 797 1981 ἀν
807 1917 861 1982 καὶ
871 1913 911 1982 τά
923 1925 991 1982 τῶν
1002 1940 1083 2000 χρη-

63 2034 115 2086 ιοο
132 2019 223 2080 στιλν
234 2028 350 2099 σημεῖα
362 2017 558 2100 διαφθείρει.
580 2021 683 2080 ταῦτα
694 2011 727 2080 δ’
740 2014 843 2083 είποδν
854 2018 990 2081 δίδωσιν
999 2011 1083 2081 ἀνα-

132 2120 259 2197 γνῶναι
279 2113 435 2199 ψήφισμα
455 2121 502 2203 τῷ
523 2128 709 2200 γραμματεῖ
723 2113 930 2200 μακρότερον
946 2111 1007 2200 μὲν
1023 2119 1082 2201 τῆς

129 2208 281 2297 Ἰλιάδος,
304 2213 481 2296 κενότερον
499 2213 534 2290 δὲ
548 2221 616 2281 τῶν
632 2214 759 2300 λόγων,
780 2209 948 2294 οδςείωθε
963 2217 1081 2301 λέγειν,

132 2313 259 2378 καὶτοῦ
269 2317 362 2397 βίον,
380 2309 420 2380 δν
431 2319 586 2400 βεβίωκε,
604 2311 725 2398 μεστὸν
737 2311 768 2379 δ’
781 2317 923 2381 έλπίδιιν
934 2311 997 2381 ούκ
1008 2317 1083 2380 έσο-
1098 2339 1150 2398 491

133 2411 244 2493 μένων
266 2413 322 2477 καί
344 2413 575 2493 στρατοπέδων
596 2408 755 2478 ούδέποτε
778 2414 1080 2494 συλλεγησομένων.

132 2505 314 2594 ἀπαγαγών
336 2510 367 2577 δ’
390 2506 475 2594 ὑμᾶς
497 2509 635 2577 ἄπωθεν
657 2507 722 2576 ἀπδ
744 2517 806 2576 τοῦ
826 2511 1008 2594 κλέμματος
1028 2511 1083 2578 καί

132 2603 363 2692 ἀνακρεμάσας
381 2605 446 2676 ἀπὸ
463 2617 531 2675 τῶν
549 2612 709 2692 ἐλπίδων,
732 2611 878 2674 ἐνταῦθα
890 2607 929 2693 δὴ
942 2611 1083 2692 συστρέ-

131 2718 196 2785 ψας
213 2706 335 2792 γρύφει
353 2703 500 2774 κελεύων
515 2707 649 2773 ἑλέσθαι
670 2707 822 2790 πρέσβεις
843 2709 888 2782 εἰς
906 2701 1082 2791 Ἐρέτριαν,
1097 2719 1150 2776 492

131 2811 251 2885 οἵτινες
261 2805 435 2892 δεήσονται
445 2812 513 2873 τοδν
532 2802 734 2890 Ἐρετριέων,
754 2802 843 2870 πάνν
853 2802 917 2889 γάρ
929 2807 994 2870 ἔδει
1005 2807 1082 2891 δεη-

130 2912 251 2990 θῆναι,
273 2907 388 2992 μηκέτι
405 2903 534 2971 διδόναι
550 2900 611 2989 τὴν
628 2900 786 2981 σύνταξιν
802 2897 898 2989 ὑμῖν,
920 2898 960 2968 τὰ
985 2903 1081 2968 πέντε

129 3003 290 3090 τάλαντα,
312 3003 397 3072 ἀλλά
413 3008 558 3091 Καλλία,
580 3004 635 3069 καί
651 2999 752 3069 πόλιν
770 3001 900 3086 ἐτέρους
916 3003 1083 3081 αίρείσθαι

130 3103 177 3178 είς
189 3096 306 3184 Ὠρεόν
322 3097 406 3186 πρὸς
421 3097 500 3178 τούς
514 3096 659 3182 Ὠρείτας
675 3098 845 3183 πρέσβεις,
869 3097 986 3173 οἵτινες
1004 3096 1082 3181 δεή-

129 3219 245 3267 σονται
259 3197 320 3269 τόν
336 3196 439 3267 αύτδν
454 3197 640 3284 Ἀθηναίοις
657 3203 757 3281 φίλον
774 3196 830 3263 καὶ
846 3189 970 3280 ἐχθρόν
986 3201 1083 3281 νομί-

65 3319 106 3373 ιοι
126 3299 200 3375 ζειν
210 3295 302 3365 είναι.
329 3301 440 3364 ἔπειτα
459 3293 676 3380 ἀναφαίνεται
693 3295 767 3376 περὶ
782 3288 904 3360 ἅπαντ’
920 3285 968 3359 τόν
985 3294 1023 3359 έν
1033 3297 1080 3377 τῷ
1098 3310 1131 3366 49

127 3400 314 3481 ψηφίσματι
335 3393 418 3480 πρδς
435 3402 482 3483 τῷ
498 3399 672 3480 κλέμματι,
694 3392 826 3477 γράψας
843 3389 884 3457 τά
903 3392 1001 3457 πέντε
1022 3388 1081 3456 τύ-

127 3497 231 3560 λαντα
253 3493 332 3572 τούς
351 3494 502 3579 πρέσβεις
524 3490 640 3570 ἀξιοῦν
661 3491 739 3568 τούς
758 3486 904 3572 Ὠρείτας
925 3490 968 3575 μύ
987 3485 1077 3556 ύμῖν.
1096 3505 1134 3560 49
