2510 3948
137 287 198 353 172
487 283 744 344 ΑΙΣΧΙΝΟΤ

138 443 265 537 μιοςάν
277 450 384 534 είητηῖ
395 443 507 532 δήμω,
529 441 682 512 θάνατον
697 440 761 528 γάρ
772 438 956 510 αάτοῦτοίν
967 442 1094 526 προγό-

139 571 209 614 νων
219 547 413 629 κατέγνωτε,
425 539 465 609 τά
477 538 509 609 δ’
523 540 588 610 ἀπὸ
599 548 657 626 τῆς
667 538 791 627 μητρός
799 536 951 625 Σκύθης,
963 540 1092 626 βάρβα-

141 669 199 729 ρος
216 643 394 727 ἑλληνίζων
409 649 450 728 τῇ
466 648 580 727 φωνῇ·
604 638 688 707 ὅθεν
704 640 760 706 καλ
775 636 837 724 την
854 635 1091 723 πονηρίανούκ

138 739 310 826 ἐπιχώριός
327 742 403 808 ἐστι.
425 740 500 824 περὶ
523 737 560 806 δὲ
576 735 638 824 την
655 735 737 806 καθ’
754 734 880 822 ἡμέραν
897 740 1030 804 δίαιταν
1044 741 1091 815 τίς
1109 748 1160 804 173

139 841 244 917 ἐστινς
267 842 303 906 ἐκ
327 836 529 922 τριηράρχου
543 834 753 920 λογογράφος
769 831 937 919 ἀνεφάνη,
960 831 1001 900 τά
1027 857 1093 900 πα-

138 944 229 1026 τρῷα
244 933 493 1021 καταγελάστως
508 935 703 1019 προέμενος·
726 932 861 1010 ἄπιστος
882 931 919 1000 δὲ
938 934 996 1000 καὶ
1018 935 1093 1018 περὶ

141 1042 244 1102 ταῦτα
255 1030 353 1110 δόξας
370 1029 455 1098 εἶναι
471 1028 616 1109 καλτοάς
626 1031 746 1115 λόγους
756 1033 907 1115 ἐκφέρων
918 1043 988 1108 τοῖς
999 1028 1094 1098 ἀντι-

142 1137 244 1209 δίκοις
266 1127 477 1216 ἀνεπήδησεν
494 1129 547 1198 ἐπλ
563 1129 600 1198 τὸ
620 1136 725 1218 βῆμα·
750 1137 902 1196 πλεῖστον
923 1124 955 1195 δ’
978 1130 1015 1194 ἐκ
1035 1134 1094 1213 τῆς

140 1229 265 1306 πόλεως
292 1229 436 1315 εἰληφός
461 1225 624 1312 ἀργύριον
651 1225 800 1313 ἐλάχιστα
827 1223 1089 1312 περιεποιήσατο,

72 1341 123 1398 664
140 1333 206 1392 νῦν
223 1329 335 1410 μέντοι
350 1324 388 1393 τό
407 1321 580 1411 βασιλικόν
597 1329 735 1409 χρυσίον
751 1326 943 1390 ἐπικέκλυκε
957 1318 1016 1406 τὴν
1027 1325 1088 1386 δα-

141 1422 252 1508 πάνην
264 1420 387 1506 αὐτοῦ,
409 1427 498 1490 ἐσται
510 1418 541 1490 δ’
555 1418 634 1488 οὐδὲ
644 1417 743 1488 τοῦδ’
756 1419 888 1490 ίκανόν·
907 1416 1017 1497 οὐδεὶς
1027 1418 1092 1504 γὰρ

140 1520 273 1588 πώποτε
284 1527 428 1598 πλοῦτος
438 1517 566 1601 τρόπον
578 1526 729 1605 πονηροῦ
745 1518 963 1603 περιεγένετο·
981 1517 1040 1584 καὶ
1054 1514 1093 1584 τὸ

139 1615 339 1702 κεφάλαιον,
361 1617 421 1682 τὸν
436 1621 511 1702 βίον
523 1613 585 1683 οάιι
604 1619 640 1687 ἐκ
657 1619 829 1684 τιόνίδίων
840 1614 1018 1702 προσόδων
1031 1639 1097 1682 πο-

139 1718 275 1799 ρίζεται,
298 1710 373 1779 ἀλλ’
389 1714 425 1780 ἐκ
441 1719 510 1780 των
520 1709 688 1800 ὑμετέρων
699 1713 876 1782 κινδύνων.
903 1715 978 1798 περὶ
989 1711 1024 1780 δ’
1037 1711 1098 1780 εὐ-
1115 1722 1164 1778 174

73 1835 124 1890 5⁶⁶
141 1809 366 1898 γνωμοσάνην
383 1813 437 1880 καὶ
455 1811 560 1896 λόγου
577 1811 720 1897 δύναμιν
735 1820 806 1891 πῶς
816 1815 961 1898 πέφυκε;
984 1810 1098 1889 δεινὸς

140 1914 265 1997 λέγειν,
283 1911 385 1991 κακδς
402 1919 530 1999 βιῶναι.
553 1910 640 1980 οὕτω
651 1911 715 1997 γὰρ
726 1915 878 1997 κέχρηται
888 1912 944 1980 καὶ
955 1916 1002 1998 τῷ
1015 1911 1098 1978 ἑαυ-

140 2018 203 2078 τοῦ
227 2011 353 2098 στόματι
375 2013 431 2079 καλ
453 2016 642 2100 παιδοποιία
665 2009 742 2079 ὥστ’
766 2009 821 2096 ἐμὲ
841 2008 885 2096 μὴ
906 2009 1096 2098 βούλεσθαι

141 2107 282 2192 λέγεινδ
293 2111 400 2198 τούτῳ
413 2114 610 2197 πέπρακται·
633 2108 696 2196 ἤδη
713 2110 777 2197 γάρ
791 2133 870 2177 ποτε
886 2106 977 2176 εἶδον
994 2130 1097 2194 ματη,

140 2208 262 2284 θέντας
272 2205 352 2284 τούς
363 2207 402 2273 τὰ
414 2214 482 2274 τεᾶν
490 2215 631 2293 πλησίον
641 2206 757 2294 αἰσχροὶ
768 2215 843 2276 λίαν
852 2214 968 2293 σαφεῖς
977 2208 1099 2292 λέγον-

141 2332 207 2385 τας.
230 2309 340 2374 ἔπειτα
357 2314 389 2372 τί
400 2312 576 2391 συμβαίνει
585 2315 626 2394 τῇ
636 2306 745 2387 πόλεις
767 2311 801 2374 ολ
809 2305 870 2392 μὲν
881 2305 978 2392 λόγοι
987 2307 1098 2392 καλοὶ,

143 2400 228 2470 τὰδ’
248 2407 327 2488 ἐργα
345 2409 467 2488 φαῦλα.
490 2400 573 2487 πρὸς
584 2405 619 2472 δὲ
631 2401 773 2490 ἀνδρίαν
783 2404 906 2491 βραχύς
917 2430 974 2490 μοι
984 2411 1100 2472 λείπε-
1118 2413 1166 2468 1⁷5

142 2528 196 2568 ται
214 2500 321 2585 λόγος.
344 2507 374 2570 εἰ
390 2502 532 2587 μὲνγὰρ
549 2501 680 2590 ἠρνεῖτο
698 2502 742 2591 μη
756 2503 863 2583 δειλὸς
874 2503 990 2589 εἶναιῆ
1000 2502 1101 2590 ὑμεῖς

142 2597 186 2684 μὴ
215 2598 403 2687 συνῄδειτε,
427 2599 600 2689 διατριβὴν
621 2599 639 2670 ὁ
663 2600 760 2687 λόγος
778 2601 821 2670 ἀν
837 2628 893 2690 μοι
910 2605 1097 2688 παρέσχεν·

141 2697 250 2785 ἐπειδὴ
273 2699 309 2768 δὲ
328 2701 383 2772 καὶ
404 2699 504 2779 αὐτὸς
519 2699 673 2787 ὁμολογεῖ
690 2705 726 2770 ἐν
744 2716 814 2782 ταῖς
833 2705 1019 2790 ἐκκλησίαις
1040 2705 1100 2772 καὶ

140 2793 234 2882 ὑμεῖς
250 2795 401 2882 σύνιστε,
425 2797 544 2866 λοιπόν
562 2795 750 2885 ὑπομνῆσαι
768 2798 847 2878 τούς
866 2803 942 2885 περὶ
964 2800 1098 2868 τούτων

140 2895 311 2980 κειμένους
333 2894 467 2979 νόμους.
490 2894 588 2982 ὁγὰρ
606 2898 727 2966 Σόλων
747 2895 766 2966 ὁ
789 2896 928 2977 παλαιός
947 2903 1094 2985 νομοθέ-

73 3012 124 3068 566
141 3019 198 3078 της
214 2995 251 3088 ἐν
267 3005 335 3071 τοῖς
353 2989 466 3070 αὐτοῖς
483 2996 653 3081 ἐπιτιμίοις
670 2992 751 3080 η’όετο
769 2999 841 3064 δεῖν
851 2999 1023 3082 ἐνέχεσθαι
1032 2992 1098 3080 τὸν,

142 3092 364 3176 ἀστράτευτον
381 3095 437 3162 καὶ
449 3091 509 3162 τόν
525 3097 699 3164 λελοιπότα
715 3097 878 3182 τὴντάξιν
889 3096 1015 3166 καλτδν
1027 3100 1097 3164 δει·
1207 3135 1211 3144 ·

140 3194 203 3262 λὸν
214 3190 350 3279 ὁμοίως·
372 3195 434 3263 είσὶ
447 3192 513 3279 γὰρ
525 3196 580 3262 καὶ
592 3198 713 3274 δειλίας
729 3203 865 3281 γραφαί.
886 3202 995 3264 καίτοι
1003 3205 1097 3262 θαυ-

142 3293 278 3378 μάσειεν
294 3289 337 3361 ἀν
351 3320 400 3374 τις
416 3290 530 3379 ὑμῶν,
556 3300 586 3363 εἰ
606 3294 669 3362 είσὶ
691 3293 825 3380 φύσεως
842 3300 977 3381 γραφαί.
1001 3298 1095 3362 εἰσίν.

141 3397 230 3470 τίνος
245 3394 358 3471 ἔνεκας
380 3390 426 3460 ἵν’
446 3393 583 3473 ἕκαστος
598 3391 695 3480 ἡμῶν
710 3390 769 3474 τάς
784 3397 901 3472 ἐκτῶν
911 3393 1027 3480 νόμων
1039 3399 1096 3478 ζη-
1175 3429 1184 3456 ι

141 3497 216 3573 μίας
233 3489 443 3574 φοβεόμενος
458 3498 584 3575 μᾶλλον
604 3487 627 3576 ἢ
648 3490 726 3570 τούς
750 3499 926 3584 πολεμίους
947 3490 1096 3577 ἀμείνων
