2510 3948
324 242 456 299 ΚΑΤΑ
476 243 859 304 ΚΤΗΣΙΦΩΝΤΟΣ.
1001 245 1061 310 181

99 399 177 490 τήν
194 406 323 470 δικαίαν
340 393 524 486 ἀπολογίαν
537 401 767 487 ’Δημοσθένην
783 411 975 492 παρακαλῇ,
998 405 1062 491 μύ-

101 511 207 570 λιστα
219 503 280 589 μὲν
291 501 335 588 μή
347 503 568 586 προσδέχεσθε
577 507 767 586 κακοῦργον
779 497 979 589 ἄνθρωπον,
992 504 1062 572 οἰό-

103 625 217 686 μενον
228 600 350 690 ῥήμασι
360 598 439 680 τοῦς
455 599 581 686 νόμους
592 597 802 692 ἀναιρήσειν,
823 597 900 685 μηδ’
915 604 952 669 έν
963 599 1064 688 ἀρετῇ

102 696 214 768 τοῦθ’
227 695 325 784 ῦμιῦν
335 701 447 784 μηδεὶς
458 699 739 781 καταλογιζέσθω,
761 692 798 776 ῦς
808 691 851 764 ἀν
861 700 1062 784 ἐπανερομέ-

104 822 176 866 νου
197 805 451 884 Κτησιφῶντος,
472 802 504 864 sl
525 799 647 882 καλέσῃ
667 800 910 883 Δημοσθένην,
933 805 1062 880 πρῶτος

104 893 284 983 ἀναβοήσῃ
294 896 428 983 ,,κάλει,
441 895 568 963 κάλει.“
589 897 641 962 ἐπὶ
652 893 777 963 σαυτόν
787 903 906 981 καλεῖς,
916 896 971 964 ἐπὶ
981 893 1060 972 τοῦς
1078 899 1127 952 591

105 995 237 1080 νόμους
247 1001 374 1079 καλεῖς,
392 995 445 1062 ἐπὶ
456 990 518 1078 τήν
528 997 752 1078 δημοκρατίαν
763 1001 880 1071 καλεῖς.
896 987 940 1060 ἀν
950 991 981 1060 δ’
996 991 1061 1078 ἀρα

104 1090 192 1178 ὑμῖν
203 1093 281 1181 δόξη
293 1089 611 1181 ἀκούειν,ἀξιω’σατε
621 1091 681 1160 τὸν
691 1093 917 1178 Δημοσθένην
927 1091 987 1159 τόν
998 1088 1060 1158 αύ-

105 1188 173 1258 τδν
188 1192 315 1274 τρόπον
332 1189 587 1276 ἀπολογεῖσθαι,
613 1189 715 1274 ὅνπερ
733 1188 825 1276 κάγώ
837 1191 1057 1277 κατηγόρηκα.

106 1288 175 1373 ἐγω
196 1291 232 1358 δὲ
254 1296 325 1368 πῶς
348 1290 577 1376 κατηγόρηκας
605 1293 661 1357 ἵνα
681 1291 736 1357 καὶ
759 1288 940 1376 ὑπομνήσω
962 1289 1058 1374 ὑμᾶς.
1076 1300 1127 1354 592

14 1397 82 1451 203
104 1381 187 1453 οὔτε
204 1385 264 1454 τὸν
274 1392 360 1456 ι’διον
370 1394 445 1474 βίον
462 1390 522 1456 τόν
530 1393 774 1476 Δημοσθένους
792 1388 955 1475 πρότερον
973 1392 1040 1469 διεξ

106 1492 223 1570 ήλθον
242 1484 321 1554 ούτε
338 1493 406 1554 τῦν
424 1492 591 1573 δημοσίων
604 1485 816 1576 ἀδικημάτων
826 1485 964 1568 οὐδενός
975 1487 1059 1571 πρό-

106 1609 209 1668 τερον
225 1587 415 1672 ἐμνήσθην,
439 1587 577 1671 ἄφθονα
595 1587 703 1673 δήπου
720 1591 774 1657 καὶ
791 1586 897 1658 πολλά
909 1593 993 1674 ἔχων
1004 1591 1060 1655 λε’-

104 1711 197 1770 γειν,
215 1680 238 1771 ή
252 1686 387 1753 πάντων
397 1682 430 1769 γ’
444 1680 487 1750 ἀν
498 1695 569 1770 εἴην
583 1683 807 1768 ἀπορώτατος·
830 1684 914 1755 ἀλλά
925 1694 1059 1770 πριῦτον

108 1781 174 1868 μέν
192 1779 272 1860 τοῦς
287 1782 413 1866 νόμους
431 1784 576 1862 ἐπέδειξα
591 1780 862 1869 ἀπαγορεύοντας
878 1781 921 1870 μή
936 1804 1060 1868 στεφα-

106 1887 199 1946 νοῦν
215 1875 294 1956 τούς
311 1876 542 1966 ὑπευθύνους,
565 1886 674 1948 ἔπειτα
693 1881 752 1948 τόν
769 1881 892 1969 ῥήτορα
909 1881 1060 1970 ἐξήλεγξα

107 1976 287 2064 γράψαντα
303 1982 530 2066 Δημοσθένην
547 1977 745 2047 ὑπεύθυνον
768 1977 848 2047 ὄντα
871 1985 1060 2065 στεφανοῦν

110 2074 213 2147 οῦδὲν
228 2078 518 2165 προβαλλόμενον,
540 2077 618 2147 οῦδὲ
634 2077 932 2166 προσεγγράφαυτα
948 2080 1060 2162 ,ἐπει-

111 2177 173 2242 δάν
190 2180 238 2264 δςό
254 2175 312 2255 τὰς
329 2174 518 2264 εῦθύνας,“
540 2176 624 2246 ἀλλά
641 2177 881 2256 παντελοῦς-καὶ
898 2172 994 2262 ῦμῦυ
1005 2177 1060 2242 καὶ

111 2281 178 2342 τῦυ
188 2272 303 2360 νόμων
313 2275 646 2364 καταπεφρονηκότα·
668 2279 724 2345 καὶ
739 2274 798 2355 τὰς
808 2279 964 2361 ἐσομένας
975 2273 1058 2358 πρὸς
1076 2285 1128 2341 593

112 2379 215 2440 ταῦτα
226 2374 410 2460 προφάσεις
421 2375 532 2462 εἶκον,
557 2373 596 2455 ἀς
611 2373 691 2456 ἀξιοῖ
707 2379 763 2442 καὶ
777 2372 863 2460 ῦμάς
875 2377 1059 2457 διαμνημο-

40 2484 94 2538 204
111 2471 231 2540 νεύειν.
245 2472 403 2557 δεύτερον
415 2472 446 2541 δ’
464 2472 545 2558 ῦμϊν
555 2476 731 2558 διεξῆλθον
740 2469 819 2550 τοῦς
830 2471 904 2556 περὶ
917 2478 985 2538 τόν
999 2496 1059 2554 κη-

111 2573 290 2657 ρυγμάτων
300 2571 434 2658 νόμους,
446 2575 484 2639 έν
492 2569 541 2650 οἷς
550 2571 733 2657 διαρρήδην
741 2566 911 2656 ἀπείρηται
921 2568 980 2636 τόν
992 2566 1058 2636 ῦπὸ

23 2747 32 2762 ἢ
111 2676 172 2736 τοῦ
189 2669 298 2755 δήμου
320 2670 594 2755 στεφανούμενον
610 2667 655 2756 μή
677 2669 899 2755 κηρύττεσθαι
919 2671 979 2746 ἔξω
1001 2675 1059 2751 τῆς

112 2773 297 2858 ἐκκλησίας·
320 2767 339 2841 ό
358 2772 393 2842 δὲ
410 2768 550 2857 δήτωρὸ
566 2770 703 2856 φεύγων
712 2767 774 2855 τήν
784 2763 972 2854 γραφήνού
983 2765 1061 2844 τοῦς

112 2869 236 2955 νόμους
255 2871 362 2956 μόνον
371 2875 621 2958 παραβέβηκεν,
643 2866 727 2937 ἀλλά
738 2871 793 2937 καὶ
803 2867 864 2937 τὸν
873 2865 992 2955 καιρόν
1002 2873 1060 2953 τής

113 2965 324 3055 ἀναρρήσεως
334 2971 389 3038 καὶ
400 2967 462 3037 τόν
472 2969 594 3056 τόπου,
612 2968 758 3038 κελεύων
769 2965 831 3037 οῦκ
841 2971 877 3036 ἐν
888 2973 928 3055 πή
941 2969 1060 3050 ἐκκλη-

114 3073 181 3155 σία,
205 3066 279 3137 ἀλλ’
302 3072 338 3136 έν
359 3076 405 3156 τῷ
428 3069 560 3158 θεάτρφ
581 3067 644 3154 τήν
667 3065 852 3152 ἀνάρρησιν
870 3071 1057 3150 γίγνεσθαι,

113 3161 179 3231 οὐδ’
192 3164 471 3250 ἐκκλησιαζόντων
478 3162 676 3250 Ἀθηναίων,
686 3162 770 3231 ἀλλά
781 3161 970 3248 μελλόντων
979 3185 1060 3246 τρα-

112 3265 228 3350 γφδῦυ
246 3265 389 3330 εἰσιέναι.
413 3268 517 3330 ταῦτα
532 3260 564 3328 δ’
583 3259 687 3330 εἰπόν
704 3256 804 3346 μικρὰ
823 3257 885 3343 μὲν
902 3261 1059 3344 περὶτῶν

113 3363 204 3428 ἰδίων
216 3357 325 3447 εἷπον,
350 3359 390 3428 τὰ
408 3358 931 3444 δδπλιϊσταπερλτῦνδημοσίων
943 3353 1059 3440 ἀδικη-

52 3472 98 3524 λοο
111 3459 223 3543 μάτων
241 3464 335 3545 λέγω.
358 3457 447 3527 οὕτω
466 3459 506 3546 δή
525 3456 651 3528 καὶτὸν
662 3460 887 3544 Δημοσθένην
899 3455 1059 3536 ἀξιόσατε
